<DATE>;<TIME>;<LAST>;<VOL>;<ID>;<OPER>
20240415;095948;307.47;10;10112752582;B
20240415;095948;307.47;10;10112752583;B
20240415;095948;307.47;10;10112752584;S
20240415;095948;307.47;10;10112752585;S
20240415;095948;307.47;30;10112752586;S
20240415;095948;307.47;20;10112752587;S
20240415;095948;307.47;20;10112752588;S
20240415;095948;307.47;20;10112752589;S
20240415;095948;307.47;30;10112752590;S
20240415;095948;307.47;170;10112752591;S
20240415;095948;307.47;160;10112752592;S
20240415;095948;307.47;50;10112752593;S
20240415;095948;307.47;20;10112752594;S
20240415;095948;307.47;20;10112752595;S
20240415;095948;307.47;800;10112752596;S
20240415;095948;307.47;700;10112752597;S
20240415;095948;307.47;10;10112752598;S
20240415;095948;307.47;10;10112752599;S
20240415;095948;307.47;10;10112752600;S
20240415;095948;307.47;10;10112752601;S
20240415;095948;307.47;10;10112752602;S
20240415;095948;307.47;300;10112752603;S
20240415;095948;307.47;100;10112752604;S
20240415;095948;307.47;50;10112752605;S
20240415;095948;307.47;10;10112752606;S
20240415;095948;307.47;80;10112752607;S
20240415;095948;307.47;480;10112752608;S
20240415;095948;307.47;190;10112752609;S
20240415;095948;307.47;800;10112752610;S
20240415;095948;307.47;430;10112752611;B
20240415;095948;307.47;10;10112752612;B
20240415;095948;307.47;110;10112752613;B
20240415;095948;307.47;10;10112752614;B
20240415;095948;307.47;60;10112752615;B
20240415;095948;307.47;10;10112752616;B
20240415;095948;307.47;210;10112752617;B
20240415;095948;307.47;10;10112752618;B
20240415;095948;307.47;50;10112752619;B
20240415;095948;307.47;100;10112752620;B
20240415;095948;307.47;4950;10112752621;S
20240415;095948;307.47;20;10112752622;S
20240415;095948;307.47;30;10112752623;S
20240415;095948;307.47;290;10112752624;S
20240415;095948;307.47;10;10112752625;S
20240415;095948;307.47;10;10112752626;S
20240415;095948;307.47;10;10112752627;S
20240415;095948;307.47;10;10112752628;S
20240415;095948;307.47;10;10112752629;S
20240415;095948;307.47;350;10112752630;S
20240415;095948;307.47;10;10112752631;S
20240415;095948;307.47;10;10112752632;S
20240415;095948;307.47;10;10112752633;S
20240415;095948;307.47;10;10112752634;S
20240415;095948;307.47;10;10112752635;S
20240415;095948;307.47;30;10112752636;S
20240415;095948;307.47;130;10112752637;S
20240415;095948;307.47;220;10112752638;S
20240415;095948;307.47;10;10112752639;S
20240415;095948;307.47;630;10112752640;S
20240415;095948;307.47;10;10112752641;S
20240415;095948;307.47;20;10112752642;S
20240415;095948;307.47;50;10112752643;S
20240415;095948;307.47;20;10112752644;S
20240415;095948;307.47;40;10112752645;S
20240415;095948;307.47;100;10112752646;S
20240415;095948;307.47;190;10112752647;S
20240415;095948;307.47;10;10112752648;S
20240415;095948;307.47;30;10112752649;S
20240415;095948;307.47;270;10112752650;S
20240415;095948;307.47;50;10112752651;B
20240415;095948;307.47;800;10112752652;B
20240415;095948;307.47;50;10112752653;B
20240415;095948;307.47;1000;10112752654;B
20240415;095948;307.47;10;10112752655;B
20240415;095948;307.47;10;10112752656;B
20240415;095948;307.47;90;10112752657;B
20240415;095948;307.47;60;10112752658;B
20240415;095948;307.47;170;10112752659;S
20240415;095948;307.47;20;10112752660;S
20240415;095948;307.47;10;10112752661;B
20240415;095948;307.47;50;10112752662;B
20240415;095948;307.47;30;10112752663;B
20240415;095948;307.47;10;10112752664;B
20240415;095948;307.47;30;10112752665;B
20240415;095948;307.47;10;10112752666;B
20240415;095948;307.47;260;10112752667;B
20240415;095948;307.47;10;10112752668;B
20240415;095948;307.47;10;10112752669;B
20240415;095948;307.47;60;10112752670;B
20240415;095948;307.47;10;10112752671;B
20240415;095948;307.47;1000;10112752672;B
20240415;095948;307.47;10;10112752673;B
20240415;095948;307.47;70;10112752674;B
20240415;095948;307.47;10;10112752675;B
20240415;095948;307.47;10;10112752676;B
20240415;095948;307.47;10;10112752677;B
20240415;095948;307.47;10;10112752678;B
20240415;095948;307.47;10;10112752679;B
20240415;095948;307.47;10;10112752680;B
20240415;095948;307.47;10;10112752681;B
20240415;095948;307.47;10;10112752682;B
20240415;095948;307.47;20;10112752683;B
20240415;095948;307.47;20;10112752684;B
20240415;095948;307.47;10;10112752685;B
20240415;095948;307.47;10;10112752686;B
20240415;095948;307.47;10;10112752687;B
20240415;095948;307.47;20;10112752688;B
20240415;095948;307.47;150;10112752689;B
20240415;095948;307.47;40;10112752690;B
20240415;095948;307.47;10;10112752691;B
20240415;095948;307.47;50;10112752692;B
20240415;095948;307.47;20;10112752693;B
20240415;095948;307.47;10;10112752694;B
20240415;095948;307.47;10;10112752695;B
20240415;095948;307.47;10;10112752696;B
20240415;095948;307.47;10;10112752697;B
20240415;095948;307.47;10;10112752698;B
20240415;095948;307.47;10;10112752699;B
20240415;095948;307.47;40;10112752700;B
20240415;095948;307.47;20;10112752701;B
20240415;095948;307.47;10;10112752702;B
20240415;095948;307.47;10;10112752703;B
20240415;095948;307.47;650;10112752704;B
20240415;095948;307.47;100;10112752705;B
20240415;095948;307.47;10;10112752706;B
20240415;095948;307.47;20;10112752707;B
20240415;095948;307.47;10;10112752708;B
20240415;095948;307.47;180;10112752709;B
20240415;095948;307.47;30;10112752710;B
20240415;095948;307.47;40;10112752711;B
20240415;095948;307.47;570;10112752712;B
20240415;095948;307.47;50;10112752713;B
20240415;095948;307.47;60;10112752714;B
20240415;095948;307.47;10;10112752715;B
20240415;095948;307.47;10;10112752716;B
20240415;095948;307.47;30;10112752717;B
20240415;095948;307.47;50;10112752718;B
20240415;095948;307.47;120;10112752719;B
20240415;095948;307.47;30;10112752720;B
20240415;095948;307.47;10;10112752721;B
20240415;095948;307.47;20;10112752722;B
20240415;095948;307.47;10;10112752723;B
20240415;095948;307.47;280;10112752724;B
20240415;095948;307.47;10;10112752725;B
20240415;095948;307.47;20;10112752726;B
20240415;095948;307.47;40;10112752727;B
20240415;095948;307.47;10;10112752728;B
20240415;095948;307.47;50;10112752729;S
20240415;095948;307.47;20;10112752730;S
20240415;095948;307.47;10;10112752731;S
20240415;095948;307.47;10;10112752732;S
20240415;095948;307.47;150;10112752733;S
20240415;095948;307.47;1210;10112752734;S
20240415;095948;307.47;790;10112752735;S
20240415;095948;307.47;10;10112752736;B
20240415;095948;307.47;30;10112752737;B
20240415;095948;307.47;170;10112752738;B
20240415;095948;307.47;10;10112752739;S
20240415;095948;307.47;10;10112752740;S
20240415;095948;307.47;1200;10112752741;B
20240415;095948;307.47;2000;10112752742;B
20240415;095948;307.47;400;10112752743;B
20240415;095948;307.47;10;10112752744;B
20240415;095948;307.47;10;10112752745;B
20240415;095948;307.47;1200;10112752746;B
20240415;095948;307.47;10;10112752747;B
20240415;095948;307.47;10;10112752748;B
20240415;095948;307.47;10;10112752749;B
20240415;095948;307.47;4130;10112752750;S
20240415;095948;307.47;50;10112752751;S
20240415;095948;307.47;10;10112752752;S
20240415;095948;307.47;10;10112752753;S
20240415;095948;307.47;80;10112752754;B
20240415;095948;307.47;10;10112752755;B
20240415;095948;307.47;710;10112752756;B
20240415;095948;307.47;10;10112752757;B
20240415;095948;307.47;10;10112752758;B
20240415;095948;307.47;10;10112752759;B
20240415;095948;307.47;10;10112752760;B
20240415;095948;307.47;10;10112752761;B
20240415;095948;307.47;110;10112752762;B
20240415;095948;307.47;730;10112752763;B
20240415;095948;307.47;160;10112752764;B
20240415;095948;307.47;10;10112752765;B
20240415;095948;307.47;10;10112752766;B
20240415;095948;307.47;70;10112752767;B
20240415;095948;307.47;10;10112752768;S
20240415;095948;307.47;210;10112752769;B
20240415;095948;307.47;10;10112752770;S
20240415;095948;307.47;10;10112752771;S
20240415;095948;307.47;90;10112752772;S
20240415;095948;307.47;300;10112752773;S
20240415;095948;307.47;10;10112752774;S
20240415;095948;307.47;10;10112752775;S
20240415;095948;307.47;110;10112752776;S
20240415;095948;307.47;30;10112752777;S
20240415;095948;307.47;50;10112752778;S
20240415;095948;307.47;100;10112752779;S
20240415;095948;307.47;310;10112752780;S
20240415;095948;307.47;690;10112752781;B
20240415;095948;307.47;80;10112752782;B
20240415;100000;307.4;90;10112757359;S
20240415;100000;307.39;110;10112757378;B
20240415;100000;307.46;410;10112757421;B
20240415;100000;307.46;570;10112757422;B
20240415;100000;307.21;100;10112757426;S
20240415;100000;307.21;500;10112757451;S
20240415;100000;307.22;100;10112757475;S
20240415;100000;307.22;2000;10112757487;S
20240415;100000;307.22;2000;10112757502;S
20240415;100000;307.22;1400;10112757536;S
20240415;100000;307.23;100;10112757674;S
20240415;100000;307.37;1850;10112757676;B
20240415;100000;307.23;300;10112757697;S
20240415;100000;307.23;10;10112757701;S
20240415;100000;307.24;100;10112757731;S
20240415;100000;307.24;500;10112757753;S
20240415;100000;307.36;30;10112757768;B
20240415;100000;307.25;200;10112757814;S
20240415;100000;307.34;410;10112757816;B
20240415;100000;307.36;400;10112757817;B
20240415;100000;307.36;1010;10112757818;B
20240415;100000;307.25;200;10112757821;S
20240415;100000;307.25;2000;10112757822;S
20240415;100000;307.24;800;10112757823;S
20240415;100000;307.24;100;10112757825;S
20240415;100000;307.27;700;10112757860;S
20240415;100000;307.31;410;10112757917;B
20240415;100000;307.31;40;10112757918;B
20240415;100000;307.31;10;10112757924;B
20240415;100000;307.21;400;10112758013;S
20240415;100000;307.21;10;10112758014;S
20240415;100000;307.21;290;10112758015;S
20240415;100000;307.25;100;10112758023;B
20240415;100000;307.22;400;10112758044;S
20240415;100000;307.2;30;10112758045;S
20240415;100000;307.2;50;10112758046;S
20240415;100000;307.2;620;10112758047;S
20240415;100000;307.22;870;10112758087;S
20240415;100000;307.22;430;10112758088;S
20240415;100000;307.24;80;10112758277;B
20240415;100001;307.25;150;10112758475;B
20240415;100001;307.25;100;10112758481;B
20240415;100001;307.25;150;10112758580;B
20240415;100001;307.25;400;10112758581;B
20240415;100001;307.26;400;10112758582;B
20240415;100001;307.26;410;10112758583;B
20240415;100001;307.3;410;10112758692;B
20240415;100001;307.31;410;10112758693;B
20240415;100001;307.31;180;10112758694;B
20240415;100001;307.31;10;10112758706;B
20240415;100001;307.29;800;10112758710;S
20240415;100001;307.35;2000;10112758757;B
20240415;100001;307.35;80;10112758758;B
20240415;100001;307.31;100;10112758763;S
20240415;100001;307.27;100;10112758818;B
20240415;100001;307.27;1000;10112758860;B
20240415;100001;307.28;500;10112758861;B
20240415;100001;307.28;2000;10112758869;S
20240415;100001;307.34;330;10112758913;B
20240415;100001;307.35;100;10112759213;B
20240415;100001;307.35;200;10112759215;B
20240415;100001;307.35;110;10112759216;B
20240415;100001;307.35;90;10112759217;B
20240415;100001;307.35;10;10112759220;B
20240415;100001;307.36;90;10112759221;B
20240415;100001;307.36;1000;10112759306;B
20240415;100001;307.36;200;10112759468;B
20240415;100002;307.36;10;10112759672;B
20240415;100002;307.35;10;10112759823;S
20240415;100002;307.36;10;10112760052;B
20240415;100002;307.35;100;10112760118;S
20240415;100002;307.35;100;10112760134;S
20240415;100002;307.35;100;10112760165;S
20240415;100002;307.35;560;10112760166;S
20240415;100002;307.35;440;10112760167;S
20240415;100002;307.35;430;10112760168;S
20240415;100002;307.35;1270;10112760169;S
20240415;100002;307.36;40;10112760173;B
20240415;100002;307.36;100;10112760174;B
20240415;100002;307.36;100;10112760178;B
20240415;100002;307.35;80;10112760185;S
20240415;100002;307.34;20;10112760186;S
20240415;100002;307.34;20;10112760187;S
20240415;100002;307.35;370;10112760188;B
20240415;100002;307.34;360;10112760249;S
20240415;100002;307.34;150;10112760250;S
20240415;100002;307.32;10;10112760254;S
20240415;100002;307.32;90;10112760267;S
20240415;100002;307.35;30;10112760366;B
20240415;100002;307.35;170;10112760367;B
20240415;100002;307.32;600;10112760424;S
20240415;100002;307.29;600;10112760476;S
20240415;100002;307.3;400;10112760571;B
20240415;100002;307.31;110;10112760572;B
20240415;100002;307.29;100;10112760600;S
20240415;100002;307.29;100;10112760740;S
20240415;100002;307.29;600;10112760808;S
20240415;100002;307.29;600;10112760884;S
20240415;100002;307.24;1400;10112760887;S
20240415;100002;307.24;280;10112760888;S
20240415;100002;307.24;90;10112760993;B
20240415;100003;307.23;40;10112760997;S
20240415;100003;307.23;180;10112760998;S
20240415;100003;307.23;410;10112761000;S
20240415;100003;307.27;400;10112761071;B
20240415;100003;307.27;330;10112761072;B
20240415;100003;307.28;510;10112761073;B
20240415;100003;307.28;3510;10112761074;B
20240415;100003;307.3;100;10112761734;S
20240415;100003;307.29;200;10112761796;S
20240415;100003;307.31;370;10112761812;B
20240415;100004;307.31;10;10112762288;B
20240415;100004;307.31;20;10112762314;B
20240415;100004;307.31;190;10112762341;B
20240415;100004;307.31;10;10112762462;B
20240415;100004;307.3;100;10112762516;S
20240415;100004;307.31;200;10112762556;B
20240415;100004;307.3;270;10112762892;S
20240415;100004;307.3;730;10112762893;S
20240415;100004;307.3;1270;10112762894;S
20240415;100004;307.28;400;10112762895;S
20240415;100004;307.27;130;10112762896;S
20240415;100004;307.3;420;10112762897;B
20240415;100005;307.27;500;10112763335;S
20240415;100005;307.28;40;10112763614;B
20240415;100005;307.28;360;10112763652;B
20240415;100005;307.28;110;10112763653;B
20240415;100005;307.28;400;10112763828;B
20240415;100005;307.28;110;10112763829;B
20240415;100005;307.28;10;10112764083;B
20240415;100005;307.26;10;10112764086;S
20240415;100005;307.28;170;10112764093;B
20240415;100005;307.28;10;10112764103;B
20240415;100005;307.28;20;10112764107;B
20240415;100005;307.25;500;10112764348;B
20240415;100005;307.26;240;10112764349;B
20240415;100005;307.26;740;10112764375;B
20240415;100005;307.26;10;10112764407;B
20240415;100005;307.26;40;10112764419;B
20240415;100005;307.26;10;10112764433;B
20240415;100005;307.26;10;10112764442;B
20240415;100005;307.26;10;10112764445;B
20240415;100005;307.25;30;10112764461;S
20240415;100005;307.26;10;10112764469;B
20240415;100005;307.26;930;10112764712;B
20240415;100006;307.29;30;10112765647;B
20240415;100006;307.28;90;10112765699;S
20240415;100006;307.29;20;10112765705;B
20240415;100006;307.29;10;10112765839;B
20240415;100006;307.29;10;10112765840;B
20240415;100006;307.28;20;10112765845;S
20240415;100006;307.29;10;10112765852;B
20240415;100006;307.28;20;10112765855;S
20240415;100006;307.28;100;10112766608;S
20240415;100006;307.28;200;10112766628;S
20240415;100006;307.29;30;10112766879;B
20240415;100006;307.29;30;10112766892;B
20240415;100006;307.29;10;10112766897;B
20240415;100006;307.28;60;10112766899;S
20240415;100006;307.29;10;10112766911;B
20240415;100006;307.28;10;10112766918;S
20240415;100006;307.29;110;10112766928;B
20240415;100006;307.28;10;10112766940;S
20240415;100006;307.28;10;10112766948;S
20240415;100006;307.28;10;10112766954;S
20240415;100006;307.31;10;10112766962;B
20240415;100006;307.3;100;10112766974;S
20240415;100006;307.29;400;10112766998;S
20240415;100006;307.31;10;10112767071;B
20240415;100006;307.31;10;10112767083;B
20240415;100006;307.31;20;10112767149;B
20240415;100006;307.3;200;10112767161;S
20240415;100006;307.3;20;10112767168;S
20240415;100006;307.31;10;10112767185;B
20240415;100006;307.31;10;10112767194;B
20240415;100006;307.3;10;10112767199;S
20240415;100006;307.31;70;10112767906;B
20240415;100006;307.31;10;10112767907;B
20240415;100006;307.3;10;10112767909;S
20240415;100006;307.3;10;10112767910;S
20240415;100006;307.3;30;10112767911;S
20240415;100006;307.31;30;10112767912;B
20240415;100006;307.31;10;10112767914;B
20240415;100006;307.31;10;10112767915;B
20240415;100006;307.31;160;10112767916;B
20240415;100006;307.31;10;10112767921;B
20240415;100006;307.3;70;10112767922;S
20240415;100006;307.3;50;10112767930;S
20240415;100006;307.31;50;10112767931;B
20240415;100006;307.31;10;10112767932;B
20240415;100006;307.31;120;10112767933;B
20240415;100006;307.32;200;10112767934;B
20240415;100006;307.31;20;10112767935;B
20240415;100006;307.31;10;10112767936;B
20240415;100006;307.31;10;10112768363;S
20240415;100006;307.31;10;10112768371;S
20240415;100006;307.31;10;10112768412;S
20240415;100006;307.32;10;10112768448;B
20240415;100006;307.32;30;10112768454;B
20240415;100006;307.31;10;10112768463;S
20240415;100006;307.31;100;10112768466;S
20240415;100006;307.32;10;10112768470;B
20240415;100006;307.31;30;10112768477;S
20240415;100006;307.31;10;10112768479;S
20240415;100007;307.32;10;10112768489;B
20240415;100007;307.31;150;10112768497;S
20240415;100007;307.31;200;10112768638;S
20240415;100007;307.3;200;10112769305;S
20240415;100007;307.3;10;10112769308;S
20240415;100007;307.32;30;10112769340;B
20240415;100007;307.31;200;10112769611;S
20240415;100007;307.32;10;10112769875;B
20240415;100007;307.3;200;10112770078;S
20240415;100007;307.3;60;10112770260;S
20240415;100007;307.29;40;10112770261;S
20240415;100007;307.29;10;10112770276;S
20240415;100007;307.3;10;10112770281;B
20240415;100007;307.3;30;10112770286;B
20240415;100007;307.3;20;10112770295;B
20240415;100007;307.3;10;10112770301;B
20240415;100007;307.29;200;10112770569;S
20240415;100007;307.3;50;10112770811;B
20240415;100008;307.3;20;10112771488;B
20240415;100008;307.3;10;10112771490;B
20240415;100008;307.3;30;10112771491;B
20240415;100008;307.3;10;10112771493;B
20240415;100008;307.3;10;10112771494;B
20240415;100008;307.29;70;10112771495;S
20240415;100008;307.3;10;10112771500;B
20240415;100008;307.3;10;10112771502;B
20240415;100008;307.29;10;10112771504;S
20240415;100008;307.29;10;10112771576;S
20240415;100008;307.3;50;10112771579;B
20240415;100008;307.3;10;10112771584;B
20240415;100008;307.3;10;10112771585;B
20240415;100008;307.3;10;10112771593;B
20240415;100008;307.29;30;10112771612;S
20240415;100008;307.3;30;10112771628;B
20240415;100008;307.3;10;10112771641;B
20240415;100008;307.3;10;10112771664;B
20240415;100008;307.3;10;10112771689;B
20240415;100008;307.3;10;10112771703;B
20240415;100008;307.3;20;10112772180;B
20240415;100008;307.29;120;10112772181;S
20240415;100008;307.3;10;10112772182;B
20240415;100008;307.29;30;10112772185;S
20240415;100008;307.29;50;10112772186;S
20240415;100008;307.3;20;10112772188;B
20240415;100008;307.3;10;10112772189;B
20240415;100008;307.3;10;10112772190;B
20240415;100008;307.3;10;10112772195;B
20240415;100008;307.3;10;10112772196;B
20240415;100008;307.3;10;10112772197;B
20240415;100008;307.3;20;10112772199;B
20240415;100008;307.3;10;10112772200;B
20240415;100008;307.29;10;10112772201;S
20240415;100008;307.3;30;10112772202;B
20240415;100008;307.3;90;10112772204;B
20240415;100008;307.3;910;10112772205;B
20240415;100008;307.31;10;10112772965;B
20240415;100008;307.29;10;10112772968;S
20240415;100008;307.29;20;10112772969;S
20240415;100008;307.29;10;10112772971;S
20240415;100008;307.29;10;10112772972;S
20240415;100008;307.31;10;10112772981;B
20240415;100008;307.31;10;10112772984;B
20240415;100008;307.29;100;10112773006;S
20240415;100008;307.31;10;10112773328;B
20240415;100008;307.31;10;10112773329;B
20240415;100008;307.3;10;10112773333;S
20240415;100008;307.29;110;10112773606;S
20240415;100008;307.29;20;10112773607;S
20240415;100008;307.27;70;10112773608;S
20240415;100009;307.28;10;10112773870;B
20240415;100009;307.28;10;10112773879;B
20240415;100009;307.27;10;10112773889;S
20240415;100009;307.27;10;10112773895;S
20240415;100009;307.28;20;10112773903;B
20240415;100009;307.27;10;10112773910;S
20240415;100009;307.27;40;10112773916;S
20240415;100009;307.27;10;10112773925;S
20240415;100009;307.28;30;10112773930;B
20240415;100009;307.27;50;10112773933;S
20240415;100009;307.27;200;10112773996;S
20240415;100009;307.27;10;10112774468;S
20240415;100009;307.27;20;10112774470;S
20240415;100009;307.28;290;10112774471;B
20240415;100009;307.28;10;10112774473;B
20240415;100009;307.28;50;10112774474;B
20240415;100009;307.27;340;10112774475;S
20240415;100009;307.27;460;10112774478;S
20240415;100009;307.27;200;10112774609;S
20240415;100009;307.27;10;10112774717;S
20240415;100009;307.28;50;10112774723;B
20240415;100009;307.27;20;10112774725;S
20240415;100009;307.27;10;10112774735;S
20240415;100009;307.28;10;10112774751;B
20240415;100009;307.27;10;10112774756;S
20240415;100009;307.27;20;10112774765;S
20240415;100009;307.28;30;10112774778;B
20240415;100009;307.27;10;10112774801;S
20240415;100009;307.28;10;10112774808;B
20240415;100009;307.28;10;10112774826;B
20240415;100009;307.28;20;10112774832;B
20240415;100009;307.28;10;10112774842;B
20240415;100009;307.28;10;10112774850;B
20240415;100009;307.28;10;10112774872;B
20240415;100009;307.27;20;10112774878;S
20240415;100009;307.28;60;10112774885;B
20240415;100009;307.28;10;10112774891;B
20240415;100009;307.28;10;10112774897;B
20240415;100009;307.28;10;10112774908;B
20240415;100009;307.27;10;10112774913;S
20240415;100009;307.27;10;10112774916;S
20240415;100009;307.28;10;10112774923;B
20240415;100009;307.28;40;10112774933;B
20240415;100009;307.27;10;10112774936;S
20240415;100009;307.27;10;10112774953;S
20240415;100009;307.27;10;10112774965;S
20240415;100009;307.27;10;10112774973;S
20240415;100009;307.27;70;10112774982;S
20240415;100009;307.27;40;10112775054;S
20240415;100009;307.23;60;10112775055;S
20240415;100009;307.23;10;10112775324;S
20240415;100009;307.24;30;10112775974;B
20240415;100010;307.24;50;10112776120;B
20240415;100010;307.23;10;10112776445;S
20240415;100010;307.23;20;10112776481;S
20240415;100010;307.23;80;10112776482;S
20240415;100010;307.23;320;10112776745;S
20240415;100010;307.23;1580;10112776746;S
20240415;100010;307.24;10;10112776974;B
20240415;100010;307.24;10;10112776979;B
20240415;100010;307.23;10;10112776980;S
20240415;100010;307.27;10;10112776982;B
20240415;100010;307.23;30;10112776985;S
20240415;100010;307.23;10;10112776987;S
20240415;100010;307.26;10;10112776988;B
20240415;100010;307.25;20;10112776991;B
20240415;100010;307.22;10;10112777017;S
20240415;100010;307.22;10;10112777036;B
20240415;100010;307.22;10;10112777285;B
20240415;100010;307.21;10;10112777367;S
20240415;100010;307.22;20;10112777440;B
20240415;100010;307.22;10;10112777615;B
20240415;100010;307.22;10;10112777698;B
20240415;100010;307.22;10;10112777704;B
20240415;100010;307.22;10;10112777715;B
20240415;100010;307.21;20;10112777723;S
20240415;100010;307.22;10;10112777730;B
20240415;100010;307.22;40;10112777742;B
20240415;100010;307.22;10;10112777752;B
20240415;100010;307.22;10;10112777760;B
20240415;100010;307.21;10;10112777773;S
20240415;100010;307.22;40;10112777782;B
20240415;100010;307.22;200;10112777783;B
20240415;100010;307.29;1380;10112777784;B
20240415;100010;307.3;100;10112777785;B
20240415;100010;307.3;400;10112777786;B
20240415;100010;307.31;3000;10112777787;B
20240415;100010;307.31;1430;10112777788;B
20240415;100010;307.3;10;10112777938;B
20240415;100010;307.22;200;10112778032;S
20240415;100010;307.29;10;10112778063;B
20240415;100010;307.29;10;10112778266;B
20240415;100010;307.28;10;10112778273;B
20240415;100010;307.3;10;10112778279;B
20240415;100010;307.22;10;10112778292;S
20240415;100010;307.22;10;10112778302;S
20240415;100010;307.22;10;10112778306;S
20240415;100010;307.28;10;10112778311;B
20240415;100010;307.28;10;10112778318;B
20240415;100010;307.28;10;10112778341;B
20240415;100010;307.29;10;10112778380;B
20240415;100010;307.29;10;10112778563;B
20240415;100010;307.28;200;10112778596;S
20240415;100010;307.29;10;10112778605;B
20240415;100010;307.28;200;10112778609;S
20240415;100010;307.28;320;10112778610;S
20240415;100010;307.29;10;10112778613;B
20240415;100011;307.29;10;10112778618;B
20240415;100011;307.24;410;10112778635;S
20240415;100011;307.24;90;10112778636;S
20240415;100011;307.26;10;10112778645;S
20240415;100011;307.24;60;10112778654;S
20240415;100011;307.28;10;10112778663;B
20240415;100011;307.22;180;10112778670;S
20240415;100011;307.22;820;10112778671;S
20240415;100011;307.23;10;10112778681;S
20240415;100011;307.28;10;10112778688;B
20240415;100011;307.29;10;10112778696;B
20240415;100011;307.28;10;10112778700;B
20240415;100011;307.28;330;10112778701;B
20240415;100011;307.26;10;10112778791;S
20240415;100011;307.26;160;10112778837;B
20240415;100011;307.27;90;10112778860;B
20240415;100011;307.27;10;10112778868;B
20240415;100011;307.27;300;10112778870;B
20240415;100011;307.29;400;10112778871;B
20240415;100011;307.31;2000;10112778872;B
20240415;100011;307.34;100;10112778873;B
20240415;100011;307.33;70;10112778885;B
20240415;100011;307.28;200;10112778887;S
20240415;100011;307.33;80;10112778910;B
20240415;100011;307.34;80;10112778921;B
20240415;100011;307.32;80;10112778929;B
20240415;100011;307.35;410;10112778935;B
20240415;100011;307.35;400;10112778936;B
20240415;100011;307.36;410;10112778937;B
20240415;100011;307.37;410;10112778938;B
20240415;100011;307.37;370;10112778939;B
20240415;100011;307.36;120;10112778966;B
20240415;100011;307.36;80;10112778981;B
20240415;100011;307.3;10;10112778984;S
20240415;100011;307.34;230;10112778989;B
20240415;100011;307.35;390;10112779000;B
20240415;100011;307.34;260;10112779033;B
20240415;100011;307.37;240;10112779052;B
20240415;100011;307.36;80;10112779058;B
20240415;100011;307.35;150;10112779083;B
20240415;100011;307.37;10;10112779090;B
20240415;100011;307.36;180;10112779122;B
20240415;100011;307.37;140;10112779129;B
20240415;100011;307.37;20;10112779138;B
20240415;100011;307.38;100;10112779139;B
20240415;100011;307.36;230;10112779147;B
20240415;100011;307.37;10;10112779152;B
20240415;100011;307.35;60;10112779156;B
20240415;100011;307.35;140;10112779167;B
20240415;100011;307.37;400;10112779173;B
20240415;100011;307.38;10;10112779174;B
20240415;100011;307.37;110;10112779180;B
20240415;100011;307.37;80;10112779190;B
20240415;100011;307.38;100;10112779199;B
20240415;100011;307.34;80;10112779203;S
20240415;100011;307.38;90;10112779212;B
20240415;100011;307.38;10;10112779258;B
20240415;100011;307.37;200;10112779438;S
20240415;100011;307.38;20;10112779647;B
20240415;100011;307.38;90;10112779710;B
20240415;100011;307.37;50;10112779716;S
20240415;100011;307.37;10;10112779744;S
20240415;100011;307.34;100;10112779882;S
20240415;100011;307.34;10;10112780136;S
20240415;100011;307.34;190;10112780137;S
20240415;100011;307.23;30;10112780294;B
20240415;100011;307.22;410;10112780395;S
20240415;100011;307.22;400;10112780396;S
20240415;100011;307.22;90;10112780397;S
20240415;100012;307.22;70;10112780407;S
20240415;100012;307.24;200;10112780745;S
20240415;100012;307.23;100;10112780751;B
20240415;100012;307.32;200;10112780950;B
20240415;100012;307.29;10;10112781116;B
20240415;100012;307.29;10;10112781117;B
20240415;100012;307.22;10;10112781118;S
20240415;100012;307.29;10;10112781120;B
20240415;100012;307.22;10;10112781121;S
20240415;100012;307.22;10;10112781122;S
20240415;100012;307.3;10;10112781123;B
20240415;100012;307.3;30;10112781126;B
20240415;100012;307.27;1400;10112781187;S
20240415;100012;307.26;60;10112781262;S
20240415;100012;307.29;10;10112781270;B
20240415;100012;307.29;50;10112781287;B
20240415;100012;307.29;20;10112781303;B
20240415;100012;307.26;200;10112781348;S
20240415;100012;307.27;870;10112781466;S
20240415;100012;307.27;410;10112781467;S
20240415;100012;307.27;180;10112781470;B
20240415;100012;307.29;120;10112781520;B
20240415;100012;307.32;100;10112781521;B
20240415;100012;307.36;280;10112781540;B
20240415;100012;307.3;10;10112781654;S
20240415;100012;307.35;10;10112781744;B
20240415;100012;307.35;40;10112781755;B
20240415;100013;307.35;20;10112781769;B
20240415;100013;307.3;140;10112781889;S
20240415;100013;307.3;10;10112781909;S
20240415;100013;307.35;50;10112781939;B
20240415;100013;307.3;10;10112781943;S
20240415;100013;307.35;10;10112781957;B
20240415;100013;307.35;240;10112781995;B
20240415;100013;307.36;180;10112782034;B
20240415;100013;307.34;120;10112782068;B
20240415;100013;307.3;100;10112782102;S
20240415;100013;307.32;20;10112782105;S
20240415;100013;307.33;10;10112782164;B
20240415;100013;307.33;30;10112782215;B
20240415;100013;307.32;80;10112782260;S
20240415;100013;307.27;140;10112782261;S
20240415;100013;307.32;10;10112782338;B
20240415;100013;307.27;10;10112782342;S
20240415;100013;307.34;330;10112782436;B
20240415;100013;307.35;900;10112782437;B
20240415;100013;307.37;980;10112782438;B
20240415;100013;307.37;510;10112782439;B
20240415;100013;307.38;2580;10112782440;B
20240415;100013;307.38;250;10112782441;B
20240415;100013;307.26;10;10112782452;S
20240415;100013;307.38;20;10112782465;B
20240415;100014;307.39;40;10112782532;B
20240415;100014;307.32;50;10112782556;S
20240415;100014;307.26;270;10112782557;S
20240415;100014;307.35;340;10112782569;B
20240415;100014;307.27;10;10112782602;S
20240415;100014;307.22;410;10112782610;S
20240415;100014;307.22;90;10112782611;S
20240415;100014;307.36;20;10112782616;B
20240415;100014;307.28;20;10112782649;S
20240415;100014;307.28;10;10112782676;S
20240415;100014;307.34;30;10112782685;B
20240415;100014;307.33;130;10112782708;B
20240415;100014;307.35;70;10112782756;B
20240415;100014;307.32;400;10112782881;S
20240415;100014;307.31;70;10112782886;B
20240415;100014;307.34;40;10112782905;S
20240415;100014;307.3;150;10112782909;S
20240415;100014;307.31;210;10112782912;S
20240415;100014;307.35;400;10112783009;S
20240415;100014;307.34;410;10112783124;S
20240415;100014;307.35;410;10112783126;B
20240415;100014;307.37;410;10112783147;B
20240415;100014;307.38;410;10112783148;B
20240415;100014;307.39;410;10112783162;S
20240415;100014;307.38;430;10112783166;B
20240415;100014;307.37;30;10112783182;B
20240415;100014;307.39;80;10112783209;B
20240415;100015;307.37;690;10112783347;B
20240415;100015;307.37;1310;10112783421;B
20240415;100015;307.37;400;10112783422;S
20240415;100015;307.37;90;10112783423;S
20240415;100015;307.37;200;10112783432;S
20240415;100015;307.29;10;10112783521;S
20240415;100015;307.41;10;10112783522;B
20240415;100015;307.41;400;10112783626;S
20240415;100016;307.42;90;10112783866;B
20240415;100016;307.44;410;10112783919;S
20240415;100016;307.44;400;10112783920;B
20240415;100017;307.44;140;10112784250;B
20240415;100017;307.44;1860;10112784267;B
20240415;100017;307.44;340;10112784274;B
20240415;100017;307.43;400;10112784356;B
20240415;100017;307.43;10;10112784559;S
20240415;100017;307.46;150;10112784662;B
20240415;100017;307.46;250;10112784686;B
20240415;100017;307.46;250;10112784839;B
20240415;100018;307.45;260;10112785003;S
20240415;100018;307.44;140;10112785004;S
20240415;100018;307.47;230;10112785134;B
20240415;100018;307.47;410;10112785135;B
20240415;100018;307.48;250;10112785136;B
20240415;100018;307.48;410;10112785137;B
20240415;100018;307.49;410;10112785138;B
20240415;100018;307.49;400;10112785139;B
20240415;100018;307.49;670;10112785140;B
20240415;100019;307.46;60;10112785217;S
20240415;100019;307.48;100;10112785248;B
20240415;100019;307.49;10;10112785435;B
20240415;100019;307.49;2000;10112785641;B
20240415;100019;307.5;500;10112785642;B
20240415;100019;307.5;10;10112785643;B
20240415;100019;307.5;770;10112785644;B
20240415;100019;307.5;100;10112785645;B
20240415;100019;307.5;10;10112785646;B
20240415;100019;307.5;10;10112785647;B
20240415;100019;307.5;600;10112785648;B
20240415;100020;307.5;400;10112785886;B
20240415;100020;307.49;50;10112786052;S
20240415;100020;307.5;100;10112786058;B
20240415;100020;307.5;200;10112786059;B
20240415;100021;307.5;700;10112786532;B
20240415;100021;307.5;20;10112786533;B
20240415;100021;307.5;10;10112786534;B
20240415;100021;307.5;10;10112786535;B
20240415;100021;307.5;40;10112786536;B
20240415;100021;307.5;100;10112786537;B
20240415;100021;307.51;20;10112786538;B
20240415;100022;307.51;80;10112786596;B
20240415;100022;307.51;10;10112786641;B
20240415;100022;307.51;30;10112786672;B
20240415;100022;307.51;10;10112786807;B
20240415;100022;307.51;200;10112786809;B
20240415;100022;307.51;30;10112786825;B
20240415;100023;307.51;10;10112787092;B
20240415;100023;307.51;810;10112787129;B
20240415;100023;307.51;100;10112787130;B
20240415;100023;307.51;690;10112787131;B
20240415;100023;307.51;180;10112787132;B
20240415;100023;307.51;50;10112787133;B
20240415;100023;307.51;10;10112787205;B
20240415;100023;307.51;90;10112787305;B
20240415;100023;307.52;10;10112787306;B
20240415;100023;307.54;410;10112787307;B
20240415;100023;307.54;490;10112787308;B
20240415;100024;307.51;400;10112787410;S
20240415;100024;307.5;600;10112787411;S
20240415;100024;307.54;20;10112787444;B
20240415;100024;307.51;50;10112787454;S
20240415;100025;307.54;10;10112787715;B
20240415;100025;307.53;10;10112787716;S
20240415;100025;307.53;50;10112787941;S
20240415;100025;307.54;200;10112787990;B
20240415;100026;307.53;400;10112788078;S
20240415;100026;307.54;20;10112788162;B
20240415;100026;307.53;40;10112788203;S
20240415;100026;307.53;160;10112788204;S
20240415;100026;307.53;170;10112788259;S
20240415;100026;307.53;200;10112788326;S
20240415;100026;307.53;200;10112788397;S
20240415;100027;307.54;10;10112788448;B
20240415;100027;307.54;90;10112788449;B
20240415;100027;307.54;200;10112788513;S
20240415;100027;307.54;100;10112788582;S
20240415;100027;307.54;100;10112788583;S
20240415;100027;307.54;110;10112788653;S
20240415;100027;307.54;90;10112788654;S
20240415;100027;307.54;240;10112788662;S
20240415;100027;307.54;980;10112788663;S
20240415;100027;307.53;780;10112788664;S
20240415;100027;307.53;1700;10112788665;S
20240415;100027;307.53;290;10112788666;S
20240415;100027;307.53;200;10112788667;S
20240415;100027;307.53;510;10112788668;S
20240415;100027;307.54;30;10112788735;B
20240415;100027;307.53;200;10112788741;S
20240415;100028;307.53;200;10112788812;S
20240415;100028;307.54;170;10112788870;B
20240415;100028;307.54;330;10112788871;B
20240415;100028;307.54;20;10112788872;B
20240415;100028;307.53;200;10112788875;S
20240415;100028;307.53;100;10112788890;S
20240415;100028;307.53;200;10112788927;S
20240415;100028;307.54;10;10112788971;B
20240415;100028;307.53;200;10112789001;S
20240415;100028;307.53;200;10112789056;S
20240415;100029;307.53;200;10112789113;S
20240415;100029;307.53;200;10112789153;S
20240415;100029;307.54;10;10112789225;B
20240415;100029;307.53;200;10112789227;S
20240415;100029;307.53;200;10112789230;S
20240415;100029;307.54;40;10112789238;B
20240415;100029;307.54;60;10112789239;B
20240415;100029;307.53;200;10112789274;S
20240415;100029;307.54;200;10112789337;B
20240415;100030;307.54;30;10112789485;B
20240415;100030;307.53;100;10112789566;S
20240415;100030;307.53;100;10112789602;S
20240415;100030;307.54;480;10112789627;B
20240415;100030;307.54;20;10112789628;B
20240415;100030;307.53;100;10112789635;S
20240415;100031;307.53;100;10112789863;S
20240415;100031;307.54;140;10112789875;B
20240415;100032;307.54;10;10112790117;B
20240415;100032;307.54;10;10112790119;B
20240415;100032;307.54;90;10112790130;B
20240415;100032;307.54;1730;10112790204;B
20240415;100032;307.54;980;10112790205;B
20240415;100032;307.54;10;10112790206;B
20240415;100032;307.54;410;10112790207;B
20240415;100032;307.54;170;10112790208;B
20240415;100032;307.54;340;10112790273;B
20240415;100032;307.54;660;10112790274;B
20240415;100033;307.54;50;10112790523;B
20240415;100033;307.53;100;10112790568;S
20240415;100034;307.53;690;10112790742;S
20240415;100034;307.53;10;10112790743;S
20240415;100034;307.54;10;10112790977;B
20240415;100035;307.54;10;10112791294;B
20240415;100036;307.53;20;10112791472;S
20240415;100036;307.51;10;10112791726;B
20240415;100036;307.51;60;10112791744;B
20240415;100037;307.51;30;10112791825;B
20240415;100037;307.51;80;10112791886;B
20240415;100038;307.5;10;10112792275;S
20240415;100038;307.49;130;10112792276;S
20240415;100038;307.5;50;10112792378;B
20240415;100039;307.49;70;10112792443;S
20240415;100039;307.42;30;10112792444;S
20240415;100039;307.43;50;10112792505;S
20240415;100040;307.49;20;10112792863;B
20240415;100041;307.5;10;10112793171;B
20240415;100041;307.49;50;10112793279;S
20240415;100041;307.49;50;10112793280;S
20240415;100041;307.5;10;10112793307;B
20240415;100042;307.49;10;10112793379;S
20240415;100042;307.49;300;10112793441;S
20240415;100042;307.49;20;10112793442;S
20240415;100042;307.49;10;10112793654;S
20240415;100042;307.5;70;10112793662;B
20240415;100042;307.5;10;10112793704;B
20240415;100043;307.49;190;10112793822;S
20240415;100044;307.5;30;10112794067;S
20240415;100044;307.5;30;10112794068;S
20240415;100044;307.5;140;10112794153;B
20240415;100044;307.5;220;10112794177;B
20240415;100044;307.5;200;10112794183;B
20240415;100044;307.5;10;10112794343;B
20240415;100044;307.49;1240;10112794361;S
20240415;100044;307.49;200;10112794362;S
20240415;100044;307.49;360;10112794363;S
20240415;100044;307.48;180;10112794364;S
20240415;100044;307.47;330;10112794365;S
20240415;100044;307.46;2000;10112794366;S
20240415;100044;307.46;410;10112794367;S
20240415;100044;307.46;400;10112794368;S
20240415;100044;307.45;160;10112794369;S
20240415;100044;307.43;20;10112794375;S
20240415;100045;307.46;100;10112794485;B
20240415;100045;307.43;330;10112794637;S
20240415;100045;307.42;170;10112794638;S
20240415;100045;307.42;410;10112794639;S
20240415;100045;307.41;410;10112794640;S
20240415;100045;307.41;180;10112794641;S
20240415;100045;307.45;30;10112794650;B
20240415;100045;307.38;100;10112794750;B
20240415;100045;307.38;870;10112794751;B
20240415;100045;307.38;400;10112794752;B
20240415;100045;307.46;980;10112794753;B
20240415;100045;307.46;510;10112794754;B
20240415;100045;307.47;410;10112794755;B
20240415;100045;307.48;410;10112794756;B
20240415;100045;307.48;2000;10112794757;B
20240415;100045;307.48;1320;10112794758;B
20240415;100046;307.46;280;10112794817;B
20240415;100046;307.33;10;10112794904;S
20240415;100046;307.31;410;10112794950;S
20240415;100046;307.31;400;10112794951;S
20240415;100046;307.3;200;10112794952;S
20240415;100046;307.3;410;10112794953;S
20240415;100046;307.29;20;10112794954;S
20240415;100046;307.29;410;10112794955;S
20240415;100046;307.29;150;10112794956;S
20240415;100046;307.37;150;10112794957;B
20240415;100047;307.32;400;10112795405;S
20240415;100047;307.32;870;10112795406;S
20240415;100047;307.32;410;10112795407;S
20240415;100047;307.31;2320;10112795408;S
20240415;100047;307.34;20;10112795410;S
20240415;100047;307.28;410;10112795416;S
20240415;100047;307.28;400;10112795417;S
20240415;100047;307.27;9750;10112795418;S
20240415;100048;307.37;80;10112795788;B
20240415;100049;307.4;160;10112795837;B
20240415;100049;307.36;10;10112796000;S
20240415;100049;307.4;160;10112796115;B
20240415;100050;307.4;10;10112796204;B
20240415;100050;307.4;10;10112796208;B
20240415;100050;307.4;10;10112796295;B
20240415;100051;307.38;80;10112796619;B
20240415;100051;307.37;10;10112796763;B
20240415;100051;307.37;10;10112796773;B
20240415;100051;307.36;40;10112796870;S
20240415;100051;307.32;60;10112796872;S
20240415;100051;307.36;10;10112796931;B
20240415;100051;307.36;70;10112796983;B
20240415;100051;307.36;460;10112797132;B
20240415;100052;307.37;50;10112797313;B
20240415;100052;307.37;50;10112797341;B
20240415;100052;307.36;100;10112797371;S
20240415;100052;307.37;80;10112797402;B
20240415;100052;307.37;70;10112797403;B
20240415;100052;307.39;30;10112797453;B
20240415;100052;307.39;10;10112797488;B
20240415;100054;307.36;30;10112797877;B
20240415;100054;307.36;10;10112797882;B
20240415;100054;307.36;250;10112798058;B
20240415;100055;307.36;10;10112798159;B
20240415;100056;307.36;10;10112798421;B
20240415;100056;307.36;500;10112798610;B
20240415;100056;307.35;10;10112798725;S
20240415;100056;307.36;10;10112798745;B
20240415;100057;307.35;40;10112798978;S
20240415;100057;307.35;190;10112798979;S
20240415;100057;307.36;150;10112799096;B
20240415;100058;307.36;200;10112799240;S
20240415;100058;307.41;10;10112799248;B
20240415;100058;307.4;10;10112799510;S
20240415;100058;307.35;280;10112799511;S
20240415;100058;307.35;980;10112799512;S
20240415;100058;307.35;330;10112799513;S
20240415;100058;307.35;50;10112799514;S
20240415;100059;307.41;40;10112799586;B
20240415;100059;307.36;100;10112799844;S
20240415;100100;307.39;10;10112799969;B
20240415;100100;307.36;60;10112800032;S
20240415;100101;307.39;860;10112800364;B
20240415;100101;307.4;200;10112800365;B
20240415;100101;307.4;600;10112800366;B
20240415;100101;307.42;20;10112800367;B
20240415;100101;307.43;300;10112800368;B
20240415;100101;307.42;980;10112800468;S
20240415;100101;307.42;400;10112800469;S
20240415;100101;307.39;170;10112800470;S
20240415;100101;307.39;880;10112800471;S
20240415;100101;307.39;510;10112800472;S
20240415;100101;307.39;410;10112800473;S
20240415;100101;307.39;70;10112800474;S
20240415;100102;307.42;10;10112800695;S
20240415;100102;307.48;10;10112800740;B
20240415;100103;307.42;980;10112800948;S
20240415;100103;307.42;400;10112800949;S
20240415;100103;307.4;880;10112800950;S
20240415;100103;307.39;330;10112800951;S
20240415;100103;307.39;510;10112800952;S
20240415;100103;307.39;2000;10112800953;S
20240415;100103;307.39;410;10112800954;S
20240415;100103;307.38;410;10112800955;S
20240415;100103;307.37;410;10112800956;S
20240415;100103;307.36;50;10112800957;S
20240415;100103;307.36;410;10112800958;S
20240415;100103;307.35;410;10112800959;S
20240415;100103;307.35;480;10112800960;S
20240415;100103;307.38;100;10112801018;S
20240415;100104;307.38;10;10112801049;S
20240415;100104;307.44;400;10112801051;B
20240415;100104;307.44;870;10112801052;B
20240415;100104;307.45;30;10112801053;B
20240415;100104;307.48;50;10112801091;B
20240415;100104;307.48;10;10112801219;B
20240415;100106;307.47;30;10112801602;S
20240415;100106;307.4;60;10112801746;S
20240415;100107;307.46;50;10112801827;B
20240415;100107;307.4;10;10112801917;S
20240415;100107;307.4;120;10112802023;S
20240415;100108;307.46;10;10112802232;B
20240415;100108;307.41;10;10112802310;S
20240415;100108;307.4;320;10112802311;S
20240415;100108;307.4;110;10112802312;S
20240415;100110;307.46;10;10112802617;B
20240415;100111;307.42;100;10112803099;S
20240415;100111;307.44;870;10112803109;B
20240415;100111;307.45;200;10112803110;B
20240415;100111;307.47;370;10112803111;B
20240415;100111;307.48;20;10112803112;B
20240415;100111;307.48;400;10112803113;B
20240415;100111;307.49;60;10112803114;B
20240415;100111;307.49;140;10112803115;B
20240415;100112;307.43;10;10112803298;S
20240415;100113;307.45;20;10112803564;S
20240415;100113;307.45;100;10112803594;S
20240415;100113;307.45;860;10112803599;S
20240415;100113;307.45;510;10112803600;S
20240415;100113;307.44;550;10112803601;S
20240415;100113;307.47;60;10112803733;B
20240415;100113;307.45;980;10112803751;S
20240415;100113;307.45;510;10112803752;S
20240415;100113;307.44;210;10112803753;S
20240415;100114;307.44;30;10112803779;S
20240415;100114;307.46;20;10112803787;B
20240415;100114;307.46;380;10112803930;B
20240415;100114;307.47;140;10112803931;B
20240415;100114;307.49;1390;10112803932;B
20240415;100114;307.49;870;10112803933;B
20240415;100114;307.5;20;10112803934;B
20240415;100114;307.5;800;10112803935;B
20240415;100115;307.45;10;10112804062;S
20240415;100115;307.45;10;10112804063;S
20240415;100115;307.49;400;10112804219;B
20240415;100115;307.5;2100;10112804220;B
20240415;100115;307.49;270;10112804303;B
20240415;100116;307.45;70;10112804430;S
20240415;100117;307.45;10;10112804790;S
20240415;100118;307.47;30;10112805003;B
20240415;100119;307.46;10;10112805397;B
20240415;100119;307.45;200;10112805467;S
20240415;100120;307.45;50;10112805602;S
20240415;100120;307.45;250;10112805603;S
20240415;100120;307.46;10;10112805774;B
20240415;100121;307.45;980;10112806078;S
20240415;100121;307.44;120;10112806079;S
20240415;100122;307.46;80;10112806389;B
20240415;100122;307.47;270;10112806390;B
20240415;100123;307.47;1090;10112806526;B
20240415;100123;307.5;900;10112806527;B
20240415;100123;307.5;10;10112806605;B
20240415;100124;307.48;40;10112806976;B
20240415;100126;307.47;10;10112807327;B
20240415;100126;307.47;300;10112807340;B
20240415;100126;307.44;10;10112807359;S
20240415;100126;307.48;160;10112807428;B
20240415;100126;307.48;400;10112807429;B
20240415;100126;307.49;4440;10112807430;B
20240415;100126;307.49;30;10112807495;B
20240415;100127;307.45;100;10112807561;S
20240415;100127;307.48;10;10112807728;B
20240415;100127;307.49;2510;10112807729;B
20240415;100128;307.49;2500;10112807839;B
20240415;100128;307.48;10;10112807940;B
20240415;100129;307.47;10;10112808173;B
20240415;100129;307.46;10;10112808261;S
20240415;100129;307.47;60;10112808337;B
20240415;100130;307.46;240;10112808577;S
20240415;100130;307.46;10;10112808578;S
20240415;100130;307.46;250;10112808579;S
20240415;100130;307.45;60;10112808580;S
20240415;100131;307.45;700;10112808732;S
20240415;100131;307.45;510;10112808770;S
20240415;100131;307.45;800;10112808771;S
20240415;100131;307.45;700;10112808834;S
20240415;100131;307.45;300;10112808837;S
20240415;100132;307.45;20;10112808972;S
20240415;100132;307.47;30;10112809034;B
20240415;100132;307.47;20;10112809035;B
20240415;100132;307.47;80;10112809059;B
20240415;100132;307.48;30;10112809209;B
20240415;100133;307.48;30;10112809367;B
20240415;100133;307.48;30;10112809368;B
20240415;100133;307.48;10;10112809424;B
20240415;100133;307.48;30;10112809454;B
20240415;100134;307.47;20;10112809473;S
20240415;100134;307.45;660;10112809474;S
20240415;100134;307.44;820;10112809475;S
20240415;100134;307.44;260;10112809689;S
20240415;100134;307.44;340;10112809690;S
20240415;100134;307.44;400;10112809691;S
20240415;100136;307.45;10;10112809928;B
20240415;100136;307.44;230;10112810063;S
20240415;100137;307.44;10;10112810381;S
20240415;100138;307.44;1020;10112810419;S
20240415;100138;307.41;20;10112810420;S
20240415;100138;307.4;2000;10112810421;S
20240415;100138;307.38;10;10112810422;S
20240415;100138;307.37;1950;10112810423;S
20240415;100138;307.42;200;10112810480;B
20240415;100138;307.42;50;10112810513;B
20240415;100138;307.37;40;10112810625;S
20240415;100139;307.37;100;10112810795;S
20240415;100139;307.4;10;10112810812;S
20240415;100140;307.39;30;10112811040;B
20240415;100141;307.39;10;10112811098;B
20240415;100141;307.42;10;10112811099;B
20240415;100141;307.41;30;10112811194;B
20240415;100141;307.38;10;10112811206;S
20240415;100141;307.37;100;10112811285;S
20240415;100141;307.37;200;10112811332;S
20240415;100142;307.37;100;10112811371;S
20240415;100142;307.38;100;10112811422;B
20240415;100142;307.38;20;10112811472;B
20240415;100142;307.38;10;10112811515;B
20240415;100143;307.38;90;10112811704;B
20240415;100143;307.37;200;10112811709;S
20240415;100143;307.38;30;10112811732;B
20240415;100143;307.38;250;10112811733;B
20240415;100143;307.38;120;10112811734;B
20240415;100143;307.37;500;10112811758;S
20240415;100143;307.37;200;10112811762;S
20240415;100143;307.37;1610;10112811804;S
20240415;100143;307.37;2000;10112811805;S
20240415;100143;307.36;400;10112811806;S
20240415;100143;307.35;20;10112811807;S
20240415;100143;307.35;20;10112811808;S
20240415;100143;307.35;1000;10112811809;S
20240415;100143;307.33;10;10112811810;S
20240415;100143;307.31;410;10112811811;S
20240415;100143;307.3;10;10112811812;S
20240415;100143;307.3;410;10112811813;S
20240415;100143;307.29;350;10112811814;S
20240415;100143;307.29;410;10112811815;S
20240415;100143;307.29;1440;10112811816;S
20240415;100143;307.32;400;10112811857;B
20240415;100143;307.33;510;10112811858;B
20240415;100143;307.33;590;10112811859;B
20240415;100144;307.27;100;10112812109;S
20240415;100144;307.27;100;10112812130;S
20240415;100145;307.27;100;10112812162;S
20240415;100145;307.27;70;10112812183;S
20240415;100145;307.27;10;10112812649;S
20240415;100145;307.31;180;10112812650;B
20240415;100146;307.31;70;10112812725;B
20240415;100146;307.31;40;10112812726;B
20240415;100146;307.3;10;10112812976;B
20240415;100148;307.31;30;10112813502;B
20240415;100150;307.27;10;10112813912;S
20240415;100150;307.3;200;10112814021;B
20240415;100150;307.3;390;10112814089;B
20240415;100151;307.32;10;10112814272;B
20240415;100151;307.28;400;10112814405;S
20240415;100151;307.27;610;10112814406;S
20240415;100151;307.26;10;10112814407;S
20240415;100151;307.24;2000;10112814408;S
20240415;100151;307.24;410;10112814409;S
20240415;100151;307.23;270;10112814410;S
20240415;100153;307.23;60;10112814965;S
20240415;100153;307.24;10;10112814972;B
20240415;100153;307.24;10;10112815011;B
20240415;100155;307.24;10;10112815427;B
20240415;100157;307.24;20;10112815738;B
20240415;100157;307.22;10;10112815900;S
20240415;100157;307.21;60;10112815901;S
20240415;100157;307.21;210;10112815902;S
20240415;100158;307.2;500;10112816002;S
20240415;100158;307.23;10;10112816113;B
20240415;100158;307.22;100;10112816124;B
20240415;100158;307.21;10;10112816279;B
20240415;100159;307.21;40;10112816565;B
20240415;100159;307.21;60;10112816566;B
20240415;100159;307.2;300;10112816569;S
20240415;100200;307.2;10;10112816683;S
20240415;100200;307.21;10;10112816931;B
20240415;100200;307.21;70;10112816933;B
20240415;100201;307.2;710;10112816990;S
20240415;100201;307.2;100;10112817044;S
20240415;100201;307.21;20;10112817057;B
20240415;100201;307.21;80;10112817058;B
20240415;100201;307.21;870;10112817059;B
20240415;100201;307.25;980;10112817060;B
20240415;100201;307.25;260;10112817061;B
20240415;100201;307.25;510;10112817062;B
20240415;100201;307.25;400;10112817063;B
20240415;100201;307.26;20;10112817064;B
20240415;100201;307.26;880;10112817065;B
20240415;100201;307.26;410;10112817066;B
20240415;100201;307.27;1900;10112817067;B
20240415;100203;307.24;10;10112817583;B
20240415;100203;307.26;40;10112817584;B
20240415;100205;307.2;850;10112818048;S
20240415;100205;307.23;20;10112818063;B
20240415;100205;307.23;10;10112818112;B
20240415;100205;307.26;150;10112818113;B
20240415;100205;307.26;200;10112818148;B
20240415;100206;307.26;50;10112818399;B
20240415;100206;307.26;10;10112818405;B
20240415;100207;307.22;60;10112818543;S
20240415;100207;307.22;30;10112818557;S
20240415;100207;307.26;20;10112818593;B
20240415;100208;307.27;20;10112818884;B
20240415;100209;307.27;10;10112818914;B
20240415;100210;307.27;20;10112819296;B
20240415;100211;307.27;50;10112819538;B
20240415;100211;307.26;50;10112819548;S
20240415;100211;307.26;170;10112819549;S
20240415;100212;307.26;30;10112819596;S
20240415;100212;307.25;20;10112819597;S
20240415;100212;307.25;50;10112819615;S
20240415;100212;307.27;10;10112819649;B
20240415;100213;307.27;10;10112819983;B
20240415;100213;307.24;50;10112820005;S
20240415;100213;307.24;140;10112820006;S
20240415;100214;307.26;10;10112820098;S
20240415;100214;307.23;10;10112820185;S
20240415;100214;307.25;100;10112820245;B
20240415;100215;307.23;110;10112820482;S
20240415;100216;307.25;10;10112820705;B
20240415;100216;307.24;20;10112820719;S
20240415;100216;307.25;10;10112820733;B
20240415;100217;307.24;40;10112820983;S
20240415;100218;307.25;10;10112821041;B
20240415;100219;307.25;40;10112821216;B
20240415;100219;307.25;10;10112821281;B
20240415;100221;307.25;50;10112821791;B
20240415;100221;307.25;20;10112821799;B
20240415;100224;307.25;10;10112822479;B
20240415;100224;307.25;10;10112822522;B
20240415;100224;307.25;20;10112822527;B
20240415;100224;307.25;10;10112822529;B
20240415;100225;307.24;440;10112822639;S
20240415;100225;307.23;560;10112822640;S
20240415;100225;307.23;40;10112822742;S
20240415;100226;307.22;100;10112822885;S
20240415;100226;307.24;10;10112823029;B
20240415;100227;307.23;10;10112823108;B
20240415;100227;307.23;10;10112823245;B
20240415;100227;307.22;20;10112823328;S
20240415;100228;307.22;40;10112823411;S
20240415;100228;307.21;200;10112823412;S
20240415;100228;307.2;1910;10112823413;S
20240415;100228;307.2;3950;10112823414;S
20240415;100229;307.21;980;10112823660;B
20240415;100229;307.21;870;10112823661;B
20240415;100229;307.21;80;10112823662;B
20240415;100229;307.23;70;10112823663;B
20240415;100229;307.23;10;10112823694;B
20240415;100230;307.24;70;10112823975;B
20240415;100230;307.24;430;10112823976;B
20240415;100231;307.25;10;10112824255;B
20240415;100231;307.25;10;10112824328;B
20240415;100231;307.25;460;10112824343;B
20240415;100233;307.25;210;10112824727;B
20240415;100233;307.25;30;10112824728;B
20240415;100233;307.25;2000;10112824729;B
20240415;100233;307.26;20;10112824730;B
20240415;100233;307.26;240;10112824731;B
20240415;100234;307.26;20;10112825051;B
20240415;100236;307.26;10;10112825428;B
20240415;100236;307.25;30;10112825561;S
20240415;100236;307.25;20;10112825562;S
20240415;100236;307.25;80;10112825563;S
20240415;100236;307.25;80;10112825564;S
20240415;100236;307.24;10;10112825565;S
20240415;100236;307.23;10;10112825566;S
20240415;100236;307.23;980;10112825567;S
20240415;100236;307.22;690;10112825568;S
20240415;100236;307.26;30;10112825620;B
20240415;100238;307.26;10;10112826085;B
20240415;100238;307.26;420;10112826095;B
20240415;100238;307.23;10;10112826113;S
20240415;100238;307.23;290;10112826114;S
20240415;100238;307.26;300;10112826221;B
20240415;100238;307.26;80;10112826245;B
20240415;100240;307.25;10;10112826515;B
20240415;100241;307.26;1770;10112826844;B
20240415;100244;307.23;200;10112827409;S
20240415;100244;307.22;50;10112827410;S
20240415;100246;307.26;10;10112828233;B
20240415;100246;307.25;10;10112828243;S
20240415;100247;307.26;10;10112828255;B
20240415;100247;307.23;540;10112828415;S
20240415;100248;307.23;170;10112828808;S
20240415;100248;307.26;100;10112828845;B
20240415;100249;307.26;10;10112828889;B
20240415;100250;307.23;30;10112829107;S
20240415;100251;307.23;10;10112829382;S
20240415;100251;307.25;220;10112829445;B
20240415;100251;307.23;30;10112829599;S
20240415;100252;307.23;150;10112829857;B
20240415;100252;307.23;70;10112829882;B
20240415;100252;307.23;80;10112829883;B
20240415;100253;307.22;10;10112829918;S
20240415;100253;307.23;10;10112829949;B
20240415;100253;307.23;10;10112830111;B
20240415;100254;307.22;390;10112830138;S
20240415;100254;307.22;610;10112830139;S
20240415;100254;307.22;70;10112830158;S
20240415;100254;307.23;10;10112830257;B
20240415;100255;307.23;10;10112830324;B
20240415;100256;307.22;340;10112830699;S
20240415;100257;307.21;10;10112830820;B
20240415;100258;307.2;40;10112831175;S
20240415;100259;307.21;10;10112831209;B
20240415;100259;307.2;1000;10112831240;S
20240415;100300;307.21;960;10112831387;B
20240415;100300;307.22;660;10112831388;B
20240415;100300;307.23;1960;10112831389;B
20240415;100300;307.26;20;10112831390;B
20240415;100300;307.26;410;10112831391;B
20240415;100300;307.26;880;10112831392;B
20240415;100300;307.26;50;10112831393;B
20240415;100300;307.26;510;10112831394;B
20240415;100300;307.26;400;10112831395;B
20240415;100300;307.27;2980;10112831396;B
20240415;100300;307.27;2000;10112831397;B
20240415;100300;307.27;410;10112831398;B
20240415;100300;307.28;410;10112831399;B
20240415;100300;307.28;2230;10112831400;B
20240415;100302;307.28;10;10112831884;B
20240415;100302;307.28;30;10112831896;B
20240415;100304;307.28;20;10112832287;B
20240415;100304;307.29;30;10112832288;B
20240415;100304;307.3;280;10112832289;B
20240415;100304;307.3;10;10112832290;B
20240415;100304;307.3;260;10112832291;B
20240415;100304;307.31;20;10112832292;B
20240415;100304;307.32;410;10112832293;B
20240415;100304;307.32;30;10112832294;B
20240415;100304;307.33;410;10112832295;B
20240415;100304;307.34;410;10112832296;B
20240415;100304;307.34;8000;10112832297;B
20240415;100304;307.35;410;10112832298;B
20240415;100304;307.36;20;10112832299;B
20240415;100304;307.36;410;10112832300;B
20240415;100304;307.37;410;10112832301;B
20240415;100304;307.37;870;10112832302;B
20240415;100304;307.38;410;10112832303;B
20240415;100304;307.38;3000;10112832304;B
20240415;100304;307.39;450;10112832305;B
20240415;100304;307.39;410;10112832306;B
20240415;100304;307.39;4000;10112832307;B
20240415;100304;307.4;1000;10112832308;B
20240415;100304;307.4;8000;10112832309;B
20240415;100304;307.4;410;10112832310;B
20240415;100304;307.4;2000;10112832311;B
20240415;100304;307.41;20;10112832312;B
20240415;100304;307.41;100;10112832313;B
20240415;100304;307.41;6000;10112832314;B
20240415;100304;307.41;410;10112832315;B
20240415;100304;307.41;280;10112832316;B
20240415;100304;307.37;10;10112832349;S
20240415;100304;307.4;220;10112832386;B
20240415;100304;307.4;20;10112832524;B
20240415;100305;307.44;10;10112832694;B
20240415;100306;307.44;150;10112832887;B
20240415;100306;307.44;370;10112833027;B
20240415;100307;307.44;100;10112833323;B
20240415;100308;307.43;300;10112833345;S
20240415;100308;307.43;10;10112833487;S
20240415;100310;307.44;190;10112833919;B
20240415;100310;307.44;1000;10112833921;B
20240415;100310;307.43;90;10112833957;S
20240415;100310;307.43;500;10112833958;S
20240415;100310;307.43;10;10112833959;S
20240415;100311;307.44;10;10112834055;B
20240415;100311;307.44;10;10112834186;B
20240415;100311;307.44;300;10112834265;B
20240415;100312;307.44;40;10112834443;B
20240415;100312;307.43;490;10112834525;S
20240415;100312;307.43;10;10112834526;S
20240415;100312;307.44;2820;10112834558;B
20240415;100312;307.45;330;10112834559;B
20240415;100312;307.45;10;10112834560;B
20240415;100312;307.49;140;10112834561;B
20240415;100312;307.49;360;10112834563;B
20240415;100312;307.49;640;10112834564;B
20240415;100313;307.48;20;10112834834;B
20240415;100314;307.47;20;10112834856;S
20240415;100315;307.49;1000;10112835175;B
20240415;100315;307.49;2500;10112835230;B
20240415;100317;307.49;10;10112835648;B
20240415;100317;307.49;100;10112835791;B
20240415;100317;307.48;330;10112835858;S
20240415;100318;307.49;500;10112836069;B
20240415;100318;307.48;10;10112836143;S
20240415;100319;307.49;2000;10112836230;B
20240415;100319;307.49;40;10112836430;B
20240415;100321;307.49;1000;10112836720;B
20240415;100322;307.49;740;10112836926;B
20240415;100322;307.48;50;10112836952;S
20240415;100323;307.49;20;10112837143;B
20240415;100323;307.49;21450;10112837200;B
20240415;100323;307.49;10;10112837201;B
20240415;100323;307.5;3540;10112837202;B
20240415;100323;307.5;1480;10112837203;B
20240415;100324;307.49;10;10112837373;S
20240415;100324;307.5;21170;10112837378;B
20240415;100324;307.5;50;10112837379;B
20240415;100324;307.5;10;10112837380;B
20240415;100324;307.5;40;10112837381;B
20240415;100324;307.5;70;10112837382;B
20240415;100324;307.5;10;10112837383;B
20240415;100324;307.5;420;10112837384;B
20240415;100324;307.5;2000;10112837385;B
20240415;100324;307.5;1200;10112837386;B
20240415;100324;307.5;30;10112837387;B
20240415;100324;307.5;20;10112837388;B
20240415;100324;307.5;10;10112837397;B
20240415;100325;307.5;40;10112837571;B
20240415;100325;307.5;210;10112837572;B
20240415;100325;307.5;500;10112837717;B
20240415;100327;307.5;10;10112838051;B
20240415;100327;307.5;40;10112838280;B
20240415;100328;307.5;40;10112838308;B
20240415;100328;307.5;10;10112838330;B
20240415;100328;307.5;40;10112838331;B
20240415;100328;307.5;180;10112838332;B
20240415;100328;307.5;10;10112838333;B
20240415;100328;307.5;40;10112838334;B
20240415;100328;307.52;40;10112838366;B
20240415;100328;307.52;10;10112838372;B
20240415;100328;307.51;30;10112838387;S
20240415;100328;307.52;40;10112838396;B
20240415;100328;307.52;40;10112838450;B
20240415;100328;307.52;40;10112838569;B
20240415;100329;307.51;10;10112838585;S
20240415;100329;307.52;1150;10112838619;B
20240415;100329;307.53;200;10112838620;B
20240415;100329;307.53;10;10112838621;B
20240415;100329;307.54;810;10112838622;B
20240415;100329;307.55;10;10112838623;B
20240415;100329;307.56;100;10112838624;B
20240415;100329;307.56;10;10112838625;B
20240415;100329;307.58;300;10112838626;B
20240415;100329;307.58;10;10112838627;B
20240415;100329;307.59;300;10112838628;B
20240415;100329;307.6;10;10112838629;B
20240415;100329;307.6;100;10112838630;B
20240415;100329;307.6;10;10112838631;B
20240415;100329;307.6;50;10112838632;B
20240415;100329;307.6;20;10112838633;B
20240415;100329;307.6;16420;10112838634;B
20240415;100329;307.61;40;10112838637;B
20240415;100329;307.61;500;10112838642;B
20240415;100329;307.61;500;10112838643;B
20240415;100329;307.61;40;10112838665;B
20240415;100329;307.61;40;10112838715;B
20240415;100329;307.61;40;10112838735;B
20240415;100329;307.61;40;10112838762;B
20240415;100329;307.63;10;10112838763;B
20240415;100329;307.63;40;10112838767;B
20240415;100329;307.63;90;10112838775;B
20240415;100330;307.63;10;10112838783;B
20240415;100330;307.63;40;10112838788;B
20240415;100330;307.63;30;10112838862;B
20240415;100330;307.63;40;10112838867;B
20240415;100330;307.62;10;10112838871;S
20240415;100330;307.64;40;10112838896;B
20240415;100330;307.64;10;10112838897;B
20240415;100330;307.64;2000;10112838898;B
20240415;100330;307.65;2950;10112838899;B
20240415;100330;307.67;40;10112838916;B
20240415;100330;307.67;20;10112838968;B
20240415;100330;307.67;40;10112838985;B
20240415;100330;307.68;10;10112838994;B
20240415;100330;307.68;40;10112839008;B
20240415;100331;307.68;40;10112839067;B
20240415;100331;307.68;10;10112839126;B
20240415;100331;307.68;40;10112839128;B
20240415;100331;307.69;1000;10112839154;B
20240415;100331;307.69;1000;10112839156;B
20240415;100331;307.69;300;10112839157;B
20240415;100331;307.7;10;10112839158;B
20240415;100331;307.7;10;10112839159;B
20240415;100331;307.7;10;10112839160;B
20240415;100331;307.7;400;10112839161;B
20240415;100331;307.71;40;10112839162;B
20240415;100331;307.71;60;10112839200;B
20240415;100331;307.71;100;10112839204;B
20240415;100331;307.71;10;10112839205;B
20240415;100331;307.7;30;10112839213;S
20240415;100331;307.71;40;10112839218;B
20240415;100331;307.71;100;10112839219;B
20240415;100331;307.71;100;10112839234;B
20240415;100331;307.71;100;10112839236;B
20240415;100331;307.71;700;10112839237;B
20240415;100331;307.71;200;10112839241;B
20240415;100331;307.71;50;10112839259;B
20240415;100331;307.71;100;10112839260;B
20240415;100331;307.71;100;10112839277;B
20240415;100331;307.71;40;10112839284;B
20240415;100331;307.71;100;10112839292;B
20240415;100331;307.71;180;10112839293;B
20240415;100331;307.71;120;10112839294;B
20240415;100331;307.71;100;10112839295;B
20240415;100331;307.71;980;10112839320;B
20240415;100331;307.71;10;10112839321;B
20240415;100331;307.72;50;10112839322;B
20240415;100331;307.74;250;10112839323;B
20240415;100331;307.77;280;10112839324;B
20240415;100331;307.77;500;10112839325;B
20240415;100331;307.8;100;10112839326;B
20240415;100331;307.8;10;10112839327;B
20240415;100331;307.8;10;10112839328;B
20240415;100331;307.8;140;10112839331;B
20240415;100331;307.8;90;10112839332;B
20240415;100331;307.8;110;10112839333;B
20240415;100331;307.8;200;10112839334;B
20240415;100332;307.8;10;10112839391;B
20240415;100332;307.8;60;10112839453;B
20240415;100332;307.8;540;10112839454;B
20240415;100332;307.8;200;10112839511;B
20240415;100332;307.8;100;10112839512;B
20240415;100332;307.8;10;10112839516;B
20240415;100332;307.8;90;10112839517;B
20240415;100332;307.78;20;10112839518;S
20240415;100332;307.8;60;10112839522;B
20240415;100332;307.8;30;10112839523;B
20240415;100332;307.8;30;10112839524;B
20240415;100332;307.8;50;10112839525;B
20240415;100332;307.81;1200;10112839526;B
20240415;100332;307.81;300;10112839527;B
20240415;100332;307.81;330;10112839528;B
20240415;100332;307.81;50;10112839593;B
20240415;100332;307.81;500;10112839599;B
20240415;100332;307.81;10;10112839606;B
20240415;100332;307.8;10;10112839619;S
20240415;100333;307.81;110;10112839674;B
20240415;100333;307.82;250;10112839688;S
20240415;100333;307.82;150;10112839728;S
20240415;100333;307.82;650;10112839729;S
20240415;100334;307.83;10;10112839880;B
20240415;100334;307.83;20;10112839924;S
20240415;100334;307.86;400;10112839925;B
20240415;100334;307.87;100;10112839926;B
20240415;100334;307.86;400;10112839947;B
20240415;100334;307.87;9600;10112839948;B
20240415;100334;307.87;20;10112839949;B
20240415;100334;307.87;30;10112839950;B
20240415;100334;307.87;30;10112839951;B
20240415;100334;307.87;1000;10112839993;B
20240415;100334;307.87;10;10112840010;B
20240415;100335;307.87;1000;10112840143;B
20240415;100335;307.85;40;10112840227;B
20240415;100335;307.87;260;10112840228;B
20240415;100335;307.87;20;10112840233;B
20240415;100335;307.87;500;10112840270;B
20240415;100336;307.85;100;10112840389;S
20240415;100336;307.87;640;10112840390;B
20240415;100336;307.87;20;10112840391;B
20240415;100336;307.88;10;10112840392;B
20240415;100336;307.89;320;10112840393;B
20240415;100336;307.9;10;10112840394;B
20240415;100336;307.89;200;10112840455;S
20240415;100336;307.89;400;10112840456;S
20240415;100336;307.87;410;10112840457;S
20240415;100336;307.87;10;10112840473;B
20240415;100337;307.87;980;10112840509;B
20240415;100337;307.9;50;10112840510;B
20240415;100337;307.9;10;10112840511;B
20240415;100337;307.9;600;10112840512;B
20240415;100337;307.9;10;10112840513;B
20240415;100337;307.91;600;10112840514;B
20240415;100337;307.91;10;10112840515;B
20240415;100337;307.93;50;10112840516;B
20240415;100337;307.93;400;10112840517;B
20240415;100337;307.94;300;10112840518;B
20240415;100337;307.95;10;10112840519;B
20240415;100337;307.95;300;10112840520;B
20240415;100337;307.95;50;10112840521;B
20240415;100337;307.95;10;10112840522;B
20240415;100337;307.96;10;10112840523;B
20240415;100337;307.96;10;10112840524;B
20240415;100337;307.96;2000;10112840525;B
20240415;100337;307.96;410;10112840526;B
20240415;100337;307.97;250;10112840527;B
20240415;100337;307.97;30;10112840528;B
20240415;100337;307.97;20;10112840529;B
20240415;100337;307.97;410;10112840530;B
20240415;100337;307.97;980;10112840531;B
20240415;100337;307.89;980;10112840559;S
20240415;100337;307.88;270;10112840560;S
20240415;100337;307.97;1020;10112840565;B
20240415;100337;307.97;400;10112840566;B
20240415;100337;307.97;180;10112840567;B
20240415;100337;307.91;400;10112840646;S
20240415;100337;307.91;350;10112840647;S
20240415;100337;307.92;660;10112840648;B
20240415;100337;307.91;20;10112840649;S
20240415;100337;307.91;10;10112840655;S
20240415;100337;307.91;30;10112840683;S
20240415;100337;307.91;330;10112840684;S
20240415;100337;307.91;400;10112840685;S
20240415;100337;307.9;120;10112840686;S
20240415;100337;307.91;10;10112840688;S
20240415;100337;307.92;60;10112840705;B
20240415;100337;307.91;400;10112840727;S
20240415;100337;307.91;400;10112840728;S
20240415;100337;307.9;390;10112840729;S
20240415;100337;307.9;410;10112840730;S
20240415;100337;307.89;410;10112840731;S
20240415;100337;307.88;200;10112840732;S
20240415;100337;307.88;290;10112840733;S
20240415;100337;307.92;10;10112840754;B
20240415;100337;307.87;500;10112840761;B
20240415;100337;307.87;500;10112840762;B
20240415;100337;307.92;1270;10112840763;B
20240415;100337;307.94;400;10112840764;B
20240415;100337;307.96;10;10112840765;B
20240415;100337;307.97;50;10112840766;B
20240415;100337;307.97;1140;10112840767;B
20240415;100337;307.97;880;10112840768;B
20240415;100337;307.97;510;10112840769;B
20240415;100337;307.97;330;10112840770;B
20240415;100337;307.98;10;10112840771;B
20240415;100337;307.98;30;10112840772;B
20240415;100337;307.98;10;10112840773;B
20240415;100337;307.98;500;10112840774;B
20240415;100337;307.98;100;10112840775;B
20240415;100337;307.98;200;10112840776;B
20240415;100337;307.98;10;10112840777;B
20240415;100337;307.98;410;10112840778;B
20240415;100337;307.98;1000;10112840779;B
20240415;100337;307.98;1470;10112840780;B
20240415;100337;307.98;20;10112840781;B
20240415;100337;307.99;10;10112840782;B
20240415;100337;307.99;50;10112840783;B
20240415;100337;307.99;3590;10112840784;B
20240415;100338;307.95;10;10112840841;B
20240415;100338;307.96;20;10112840842;B
20240415;100338;307.96;70;10112840843;B
20240415;100338;307.9;400;10112840918;S
20240415;100338;307.9;10;10112840919;S
20240415;100338;307.92;10;10112840979;S
20240415;100338;307.96;130;10112841012;B
20240415;100338;307.96;270;10112841013;B
20240415;100338;307.97;10;10112841018;B
20240415;100339;307.93;40;10112841155;S
20240415;100339;307.93;180;10112841156;S
20240415;100340;307.98;100;10112841263;B
20240415;100340;307.98;400;10112841339;B
20240415;100340;307.98;50;10112841340;B
20240415;100340;307.99;15190;10112841341;B
20240415;100340;307.99;40;10112841342;B
20240415;100340;307.99;50;10112841343;B
20240415;100340;308;4270;10112841344;B
20240415;100340;307.99;40;10112841383;B
20240415;100340;307.99;100;10112841404;B
20240415;100340;307.99;260;10112841460;B
20240415;100340;307.99;40;10112841461;B
20240415;100340;307.99;200;10112841466;B
20240415;100340;307.99;300;10112841467;B
20240415;100340;307.99;100;10112841468;B
20240415;100340;308;400;10112841469;B
20240415;100340;308;500;10112841470;B
20240415;100340;308;100;10112841471;B
20240415;100340;308;400;10112841474;B
20240415;100340;308;200;10112841475;B
20240415;100340;308;200;10112841476;B
20240415;100340;308;100;10112841479;B
20240415;100340;307.94;10;10112841536;S
20240415;100340;307.99;20;10112841555;B
20240415;100341;308;10;10112841624;B
20240415;100341;308;20;10112841631;B
20240415;100341;308;30;10112841634;B
20240415;100341;308;250;10112841640;B
20240415;100341;307.95;250;10112841754;S
20240415;100341;307.95;40;10112841755;S
20240415;100342;307.97;10;10112841925;B
20240415;100342;307.97;20;10112841952;B
20240415;100342;307.98;10;10112841953;B
20240415;100342;307.99;510;10112841954;B
20240415;100342;307.99;980;10112841955;B
20240415;100342;308;3020;10112841956;B
20240415;100342;308;10;10112841957;B
20240415;100342;308;10;10112841958;B
20240415;100342;308;100;10112841959;B
20240415;100342;308;330;10112841960;B
20240415;100343;307.99;100;10112842062;B
20240415;100343;307.99;400;10112842069;B
20240415;100343;307.99;500;10112842070;B
20240415;100343;308;170;10112842071;B
20240415;100343;308;80;10112842072;B
20240415;100343;308;10;10112842073;B
20240415;100343;308;40;10112842074;B
20240415;100343;307.99;200;10112842077;B
20240415;100343;307.99;310;10112842163;B
20240415;100343;307.99;190;10112842164;B
20240415;100344;307.99;510;10112842243;B
20240415;100344;308;150;10112842244;B
20240415;100344;308;30;10112842245;B
20240415;100344;308;10;10112842246;B
20240415;100344;308;450;10112842247;B
20240415;100344;308;10;10112842248;B
20240415;100344;308;10;10112842249;B
20240415;100344;308;200;10112842250;B
20240415;100344;308;130;10112842251;B
20240415;100344;307.96;10;10112842265;S
20240415;100344;307.96;10;10112842266;S
20240415;100344;308;1310;10112842282;B
20240415;100344;308;960;10112842283;B
20240415;100344;308;10;10112842284;B
20240415;100344;308;7720;10112842285;B
20240415;100344;308;10;10112842340;B
20240415;100344;307.99;10;10112842390;B
20240415;100344;308;150;10112842399;B
20240415;100344;308;200;10112842400;B
20240415;100344;308;60;10112842401;B
20240415;100344;307.99;190;10112842425;S
20240415;100344;307.98;10;10112842426;S
20240415;100344;308;10;10112842480;B
20240415;100345;307.99;20;10112842566;B
20240415;100345;308;210;10112842636;B
20240415;100345;308;720;10112842649;B
20240415;100345;308;10;10112842650;B
20240415;100345;308;330;10112842651;B
20240415;100345;308;1020;10112842652;B
20240415;100346;308;50;10112842783;B
20240415;100346;307.99;10;10112843005;S
20240415;100347;307.99;10;10112843193;S
20240415;100347;307.99;10;10112843194;S
20240415;100347;307.99;200;10112843195;S
20240415;100347;307.99;10;10112843196;S
20240415;100347;307.99;50;10112843197;S
20240415;100347;307.98;90;10112843198;S
20240415;100347;307.98;50;10112843199;S
20240415;100347;307.98;10;10112843200;S
20240415;100347;307.98;100;10112843201;S
20240415;100347;307.96;490;10112843202;S
20240415;100347;307.95;10;10112843203;S
20240415;100347;307.95;510;10112843204;S
20240415;100347;307.95;410;10112843205;S
20240415;100347;307.95;980;10112843206;S
20240415;100347;307.94;410;10112843207;S
20240415;100347;307.94;870;10112843208;S
20240415;100347;307.93;410;10112843209;S
20240415;100347;307.92;410;10112843210;S
20240415;100347;307.92;330;10112843211;S
20240415;100347;307.91;410;10112843212;S
20240415;100347;307.91;2000;10112843213;S
20240415;100347;307.91;400;10112843214;S
20240415;100347;307.9;400;10112843215;S
20240415;100347;307.9;50;10112843216;S
20240415;100347;307.9;50;10112843217;S
20240415;100347;307.9;800;10112843218;S
20240415;100347;307.89;410;10112843219;S
20240415;100347;307.88;410;10112843220;S
20240415;100347;307.88;2000;10112843221;S
20240415;100347;307.87;410;10112843222;S
20240415;100347;307.87;600;10112843223;S
20240415;100347;307.87;2940;10112843224;S
20240415;100347;307.86;410;10112843225;S
20240415;100347;307.86;180;10112843226;S
20240415;100347;307.96;400;10112843348;B
20240415;100347;307.96;410;10112843349;B
20240415;100347;307.97;30;10112843350;B
20240415;100347;307.97;160;10112843351;B
20240415;100348;307.94;10;10112843414;B
20240415;100348;307.95;10;10112843415;B
20240415;100348;307.97;180;10112843416;B
20240415;100348;307.94;10;10112843494;B
20240415;100348;307.95;10;10112843582;B
20240415;100348;307.96;10;10112843583;B
20240415;100348;307.96;410;10112843584;B
20240415;100348;307.97;230;10112843585;B
20240415;100348;307.97;10;10112843586;B
20240415;100348;307.98;410;10112843587;B
20240415;100348;307.98;920;10112843588;B
20240415;100348;307.9;510;10112843606;S
20240415;100348;307.9;400;10112843607;S
20240415;100348;307.89;410;10112843608;S
20240415;100348;307.88;10;10112843650;S
20240415;100349;307.88;10;10112843942;S
20240415;100349;307.88;410;10112843943;S
20240415;100349;307.87;410;10112843944;S
20240415;100349;307.87;400;10112843945;S
20240415;100349;307.86;2000;10112843946;S
20240415;100349;307.86;410;10112843947;S
20240415;100349;307.86;2910;10112843948;S
20240415;100349;307.92;10;10112843965;S
20240415;100349;307.93;40;10112843967;B
20240415;100350;307.93;10;10112844134;B
20240415;100350;307.93;350;10112844139;B
20240415;100350;307.94;510;10112844140;B
20240415;100350;307.94;330;10112844141;B
20240415;100350;307.94;980;10112844142;B
20240415;100350;307.94;530;10112844143;B
20240415;100351;307.92;490;10112844287;S
20240415;100351;307.92;40;10112844288;S
20240415;100351;307.87;20;10112844338;B
20240415;100351;307.87;1000;10112844351;B
20240415;100351;307.87;1550;10112844352;B
20240415;100351;307.87;5000;10112844386;B
20240415;100351;307.87;500;10112844475;B
20240415;100351;307.86;100;10112844476;S
20240415;100352;307.87;500;10112844588;B
20240415;100352;307.87;10;10112844708;B
20240415;100352;307.86;10;10112844710;S
20240415;100352;307.87;100;10112844735;B
20240415;100352;307.87;110;10112844736;B
20240415;100352;307.9;400;10112844759;S
20240415;100352;307.89;100;10112844760;S
20240415;100353;307.94;300;10112844839;B
20240415;100354;307.93;10;10112845004;B
20240415;100354;307.93;10;10112845053;S
20240415;100354;307.93;70;10112845077;S
20240415;100355;307.93;10;10112845269;S
20240415;100355;307.92;50;10112845270;S
20240415;100355;307.89;90;10112845271;S
20240415;100355;307.89;150;10112845272;S
20240415;100355;307.94;100;10112845276;B
20240415;100355;307.94;410;10112845277;B
20240415;100355;307.95;3000;10112845278;B
20240415;100355;307.95;410;10112845279;B
20240415;100355;307.96;10;10112845280;B
20240415;100355;307.96;390;10112845281;B
20240415;100355;307.96;10;10112845381;B
20240415;100355;307.98;190;10112845382;B
20240415;100355;307.98;300;10112845383;B
20240415;100355;307.95;10;10112845447;S
20240415;100356;307.95;210;10112845508;S
20240415;100356;307.96;100;10112845529;S
20240415;100356;307.95;10;10112845530;S
20240415;100356;307.96;50;10112845547;S
20240415;100356;307.98;190;10112845673;B
20240415;100356;307.99;210;10112845674;B
20240415;100357;307.95;10;10112845832;S
20240415;100357;307.98;400;10112845837;B
20240415;100357;307.99;100;10112845838;B
20240415;100357;307.96;10;10112845970;S
20240415;100358;307.99;1500;10112846004;B
20240415;100358;307.98;10;10112846116;B
20240415;100358;307.97;30;10112846117;S
20240415;100358;307.97;70;10112846128;S
20240415;100358;307.95;880;10112846129;S
20240415;100358;307.95;10;10112846174;S
20240415;100358;307.96;980;10112846178;B
20240415;100358;307.97;510;10112846179;B
20240415;100358;307.97;400;10112846180;B
20240415;100358;307.98;860;10112846181;B
20240415;100358;307.98;880;10112846182;B
20240415;100358;307.99;1370;10112846183;B
20240415;100359;307.98;500;10112846277;B
20240415;100359;307.99;3000;10112846279;B
20240415;100400;307.98;100;10112846910;B
20240415;100401;307.98;880;10112847026;B
20240415;100401;307.99;620;10112847027;B
20240415;100401;307.99;290;10112847198;B
20240415;100401;307.96;10;10112847256;S
20240415;100401;307.99;500;10112847392;B
20240415;100402;307.99;1400;10112847416;B
20240415;100402;307.98;10;10112847583;B
20240415;100402;307.99;20;10112847584;B
20240415;100403;307.99;50;10112847630;B
20240415;100403;307.99;940;10112847692;B
20240415;100403;307.99;20;10112847693;B
20240415;100403;307.99;2000;10112847694;B
20240415;100403;307.99;40;10112847695;B
20240415;100403;307.97;10;10112847758;S
20240415;100403;307.96;90;10112847759;S
20240415;100403;307.99;460;10112847846;B
20240415;100403;307.99;500;10112847847;B
20240415;100403;308;2250;10112847848;B
20240415;100404;308;300;10112847892;B
20240415;100404;308;3000;10112847954;B
20240415;100404;308;3380;10112847971;B
20240415;100404;308;10;10112847972;B
20240415;100404;308;50;10112847973;B
20240415;100404;308;10;10112847974;B
20240415;100404;308;900;10112847975;B
20240415;100404;308;10;10112847976;B
20240415;100404;308;10;10112847977;B
20240415;100404;308;20;10112847978;B
20240415;100404;308;70;10112847979;B
20240415;100404;308;10;10112847980;B
20240415;100404;308;500;10112847981;B
20240415;100404;308;50;10112847982;B
20240415;100404;308;10;10112847983;B
20240415;100404;308;10;10112847984;B
20240415;100404;308;20;10112847985;B
20240415;100404;308;100;10112847986;B
20240415;100404;308;300;10112847987;B
20240415;100404;308;50;10112847988;B
20240415;100404;308;100;10112847989;B
20240415;100404;308;710;10112847990;B
20240415;100404;308;30;10112847991;B
20240415;100404;308;20;10112847992;B
20240415;100404;308;630;10112847993;B
20240415;100404;308;170;10112848005;B
20240415;100404;308;100;10112848006;B
20240415;100404;308;10;10112848007;B
20240415;100404;308;400;10112848008;B
20240415;100404;308;2000;10112848009;B
20240415;100404;308;100;10112848010;B
20240415;100404;308;20;10112848011;B
20240415;100404;308;50;10112848012;B
20240415;100404;308;70;10112848013;B
20240415;100404;308;20;10112848014;B
20240415;100404;308;1500;10112848015;B
20240415;100404;308;90;10112848016;B
20240415;100404;308;100;10112848017;B
20240415;100404;308;370;10112848018;B
20240415;100404;308;130;10112848034;B
20240415;100404;308;10;10112848035;B
20240415;100404;308;10;10112848036;B
20240415;100404;308;10;10112848037;B
20240415;100404;308;50;10112848038;B
20240415;100404;308;120;10112848039;B
20240415;100404;308;20;10112848040;B
20240415;100404;308;100;10112848041;B
20240415;100404;308;10;10112848042;B
20240415;100404;308;150;10112848043;B
20240415;100404;308;10;10112848044;B
20240415;100404;308;1380;10112848045;B
20240415;100404;308;3630;10112848060;B
20240415;100404;308;20;10112848061;B
20240415;100404;308;100;10112848062;B
20240415;100404;308;200;10112848063;B
20240415;100404;308;10;10112848064;B
20240415;100404;308;130;10112848065;B
20240415;100404;308;270;10112848066;B
20240415;100404;308;100;10112848067;B
20240415;100404;308;500;10112848068;B
20240415;100404;308;100;10112848069;B
20240415;100404;308;20;10112848070;B
20240415;100404;308;400;10112848071;B
20240415;100404;308;10;10112848072;B
20240415;100404;308;750;10112848073;B
20240415;100404;308;200;10112848074;B
20240415;100404;308;2000;10112848075;B
20240415;100404;308;11560;10112848076;B
20240415;100405;308;1500;10112848149;B
20240415;100405;308;200;10112848166;B
20240415;100405;308;500;10112848211;B
20240415;100406;308;2510;10112848329;B
20240415;100406;308;790;10112848330;B
20240415;100406;308;210;10112848437;B
20240415;100406;308;520;10112848438;B
20240415;100406;308;5000;10112848535;B
20240415;100406;308;100;10112848537;B
20240415;100406;308;10;10112848539;B
20240415;100406;307.99;200;10112848555;S
20240415;100406;307.99;400;10112848556;S
20240415;100406;307.99;870;10112848557;S
20240415;100406;307.98;10;10112848558;S
20240415;100406;307.98;730;10112848559;S
20240415;100406;307.96;240;10112848560;S
20240415;100407;308;2200;10112848707;B
20240415;100407;307.95;30;10112848748;S
20240415;100407;307.95;20;10112848771;S
20240415;100408;307.99;10;10112848816;B
20240415;100408;307.99;10;10112848954;B
20240415;100408;307.99;100;10112848956;B
20240415;100408;307.98;10;10112848984;S
20240415;100409;307.98;30;10112849085;S
20240415;100409;307.98;10;10112849212;S
20240415;100410;307.99;380;10112849319;B
20240415;100410;308;620;10112849320;B
20240415;100410;308;50;10112849323;B
20240415;100411;307.99;10;10112849483;S
20240415;100411;307.98;90;10112849484;S
20240415;100411;307.98;190;10112849503;S
20240415;100411;307.98;10;10112849504;S
20240415;100411;307.98;400;10112849505;S
20240415;100411;307.95;10;10112849506;S
20240415;100411;307.94;10;10112849507;S
20240415;100411;307.94;10;10112849508;S
20240415;100411;307.94;410;10112849509;S
20240415;100411;307.93;10;10112849510;S
20240415;100411;307.93;330;10112849511;S
20240415;100411;307.93;510;10112849512;S
20240415;100411;307.93;980;10112849513;S
20240415;100411;307.93;880;10112849514;S
20240415;100411;307.93;410;10112849515;S
20240415;100411;307.92;410;10112849516;S
20240415;100411;307.92;10;10112849517;S
20240415;100411;307.91;410;10112849518;S
20240415;100411;307.91;70;10112849519;S
20240415;100411;308;60;10112849543;B
20240415;100411;308;50;10112849564;B
20240415;100411;308;500;10112849613;B
20240415;100411;308;470;10112849643;B
20240415;100412;307.99;20;10112849782;B
20240415;100412;307.99;980;10112849783;B
20240415;100412;307.99;3000;10112849938;B
20240415;100413;307.98;80;10112849977;S
20240415;100413;307.98;100;10112849978;S
20240415;100413;307.99;1000;10112850134;B
20240415;100413;307.99;300;10112850135;B
20240415;100413;307.99;1000;10112850139;B
20240415;100413;307.99;300;10112850216;B
20240415;100413;307.99;200;10112850217;B
20240415;100413;307.99;500;10112850225;B
20240415;100413;307.99;600;10112850237;B
20240415;100413;307.99;50;10112850350;B
20240415;100413;307.99;2070;10112850351;B
20240415;100413;308;930;10112850352;B
20240415;100414;307.97;400;10112850405;S
20240415;100414;307.96;550;10112850406;S
20240415;100414;307.99;20;10112850507;B
20240415;100414;308;80;10112850508;B
20240415;100414;308;500;10112850509;B
20240415;100414;308;880;10112850560;B
20240415;100415;308;3000;10112850676;B
20240415;100415;307.98;500;10112850683;S
20240415;100415;307.97;20;10112850792;B
20240415;100415;307.99;230;10112850817;S
20240415;100415;307.96;100;10112850907;S
20240415;100416;307.96;50;10112850975;S
20240415;100416;307.99;270;10112850976;B
20240415;100416;308;1450;10112850977;B
20240415;100416;308;10;10112850978;B
20240415;100416;308;150;10112850979;B
20240415;100416;308;1120;10112850980;B
20240415;100416;307.96;20;10112851028;S
20240415;100416;307.96;100;10112851130;S
20240415;100416;307.96;50;10112851131;S
20240415;100416;307.96;250;10112851132;S
20240415;100417;308;500;10112851322;B
20240415;100417;308;100;10112851338;B
20240415;100417;307.96;60;10112851363;S
20240415;100417;308;10;10112851432;B
20240415;100417;308;1000;10112851487;B
20240415;100417;308;20;10112851502;B
20240415;100418;307.97;510;10112851524;S
20240415;100418;307.97;980;10112851525;S
20240415;100418;307.96;510;10112851526;S
20240415;100418;307.98;870;10112851653;B
20240415;100418;307.99;20;10112851654;B
20240415;100418;308;1610;10112851655;B
20240415;100418;307.96;10;10112851760;S
20240415;100420;307.99;510;10112852124;B
20240415;100420;307.99;980;10112852125;B
20240415;100420;307.99;20;10112852126;B
20240415;100420;308;25640;10112852127;B
20240415;100420;308;20;10112852128;B
20240415;100420;308;100;10112852129;B
20240415;100420;308;10;10112852130;B
20240415;100420;308;50;10112852131;B
20240415;100420;308;400;10112852132;B
20240415;100420;308.01;10;10112852134;B
20240415;100420;308.01;500;10112852135;B
20240415;100420;308.01;10;10112852151;B
20240415;100420;308.03;10;10112852152;B
20240415;100420;308.03;300;10112852153;B
20240415;100420;308.03;10;10112852154;B
20240415;100420;308.04;10;10112852155;B
20240415;100420;308.04;3500;10112852156;B
20240415;100420;308.05;10;10112852157;B
20240415;100420;308.05;10;10112852158;B
20240415;100420;308.05;30;10112852159;B
20240415;100420;308.06;10;10112852160;B
20240415;100420;308.06;6100;10112852161;B
20240415;100420;308.06;160;10112852171;B
20240415;100420;308.06;80;10112852174;B
20240415;100420;308.06;40;10112852176;B
20240415;100420;308.06;40;10112852177;B
20240415;100420;308.04;400;10112852185;S
20240415;100420;308.06;100;10112852220;B
20240415;100420;308.06;200;10112852221;B
20240415;100420;308.06;50;10112852235;B
20240415;100421;308.06;60;10112852354;B
20240415;100421;308.06;900;10112852355;B
20240415;100421;308.06;100;10112852356;B
20240415;100421;308.06;50;10112852357;B
20240415;100421;308.06;2120;10112852368;B
20240415;100421;308.06;10;10112852369;B
20240415;100421;308.07;100;10112852370;B
20240415;100421;308.07;10;10112852371;B
20240415;100421;308.09;10;10112852372;B
20240415;100421;308.09;300;10112852373;B
20240415;100421;308.09;300;10112852374;B
20240415;100421;308.09;10;10112852375;B
20240415;100421;308.1;500;10112852376;B
20240415;100421;308.1;50;10112852377;B
20240415;100421;308.1;10;10112852378;B
20240415;100421;308.11;500;10112852379;B
20240415;100421;308.11;2000;10112852380;B
20240415;100421;308.11;10;10112852381;B
20240415;100421;308.12;800;10112852382;B
20240415;100421;308.12;10;10112852383;B
20240415;100421;308.12;400;10112852384;B
20240415;100421;308.13;410;10112852385;B
20240415;100421;308.14;10;10112852386;B
20240415;100421;308.14;410;10112852387;B
20240415;100421;308.14;870;10112852388;B
20240415;100421;308.15;10;10112852389;B
20240415;100421;308.15;10;10112852390;B
20240415;100421;308.15;10;10112852391;B
20240415;100421;308.15;4130;10112852392;B
20240415;100421;308.07;10;10112852394;S
20240415;100421;308.15;1900;10112852403;B
20240415;100421;308.16;10;10112852412;B
20240415;100421;308.16;50;10112852413;B
20240415;100421;308.17;10;10112852414;B
20240415;100421;308.17;10;10112852415;B
20240415;100421;308.17;2000;10112852416;B
20240415;100421;308.18;500;10112852417;B
20240415;100421;308.18;10;10112852418;B
20240415;100421;308.18;100;10112852419;B
20240415;100421;308.18;1810;10112852420;B
20240415;100421;308.16;400;10112852434;S
20240415;100421;308.15;100;10112852435;S
20240415;100421;308.11;410;10112852436;S
20240415;100421;308.11;260;10112852437;S
20240415;100421;308.19;500;10112852438;B
20240415;100421;308.19;1400;10112852439;B
20240415;100421;308.2;1000;10112852440;B
20240415;100421;308.2;10;10112852441;B
20240415;100421;308.2;10;10112852442;B
20240415;100421;308.2;10;10112852443;B
20240415;100421;308.2;70;10112852444;B
20240415;100421;308.2;30;10112852445;B
20240415;100421;308.2;80;10112852446;B
20240415;100421;308.2;270;10112852447;B
20240415;100421;308.2;150;10112852448;B
20240415;100421;308.2;470;10112852449;B
20240415;100421;308.11;400;10112852455;S
20240415;100421;308.11;410;10112852456;S
20240415;100421;308.11;870;10112852457;S
20240415;100421;308.1;410;10112852458;S
20240415;100421;308.1;360;10112852459;S
20240415;100421;308.1;50;10112852460;S
20240415;100421;308.2;350;10112852461;B
20240415;100421;308.19;220;10112852462;B
20240415;100421;308.19;10;10112852467;B
20240415;100421;308.2;1000;10112852488;B
20240415;100421;308.2;100;10112852515;B
20240415;100421;308.2;1000;10112852516;B
20240415;100421;308.2;480;10112852534;B
20240415;100421;308.2;50;10112852575;B
20240415;100421;308.2;100;10112852585;B
20240415;100422;308.2;100;10112852611;B
20240415;100422;308.2;40;10112852661;B
20240415;100422;308.2;800;10112852666;B
20240415;100422;308.2;100;10112852673;B
20240415;100422;308.16;10;10112852674;S
20240415;100422;308.16;70;10112852685;S
20240415;100422;308.19;20;10112852690;B
20240415;100422;308.15;10;10112852722;S
20240415;100423;308.18;50;10112852913;B
20240415;100423;308.19;50;10112852961;B
20240415;100423;308.17;980;10112853028;B
20240415;100423;308.17;400;10112853029;B
20240415;100423;308.17;410;10112853030;B
20240415;100423;308.18;410;10112853031;B
20240415;100423;308.19;410;10112853032;B
20240415;100423;308.19;330;10112853033;B
20240415;100423;308.19;510;10112853034;B
20240415;100423;308.2;9700;10112853035;B
20240415;100423;308.2;20;10112853036;B
20240415;100423;308.2;220;10112853037;B
20240415;100423;308.2;60;10112853038;B
20240415;100423;308.2;30;10112853039;B
20240415;100423;308.2;20;10112853040;B
20240415;100423;308.2;10;10112853041;B
20240415;100423;308.2;60;10112853042;B
20240415;100423;308.2;10;10112853043;B
20240415;100423;308.2;300;10112853044;B
20240415;100423;308.2;10;10112853045;B
20240415;100423;308.2;410;10112853046;B
20240415;100423;308.2;150;10112853047;B
20240415;100423;308.2;550;10112853048;B
20240415;100423;308.18;290;10112853098;B
20240415;100423;308.18;110;10112853100;B
20240415;100423;308.19;980;10112853101;B
20240415;100423;308.19;410;10112853102;B
20240415;100423;308.19;500;10112853103;B
20240415;100424;308.19;310;10112853153;B
20240415;100424;308.16;250;10112853191;S
20240415;100424;308.15;90;10112853192;S
20240415;100424;308.12;30;10112853206;S
20240415;100424;308.12;190;10112853296;S
20240415;100425;308.12;280;10112853451;S
20240415;100425;308.06;410;10112853452;S
20240415;100425;308.05;310;10112853453;S
20240415;100425;308.05;660;10112853454;S
20240415;100425;308.04;10;10112853568;B
20240415;100425;308.05;400;10112853569;B
20240415;100425;308.06;70;10112853570;B
20240415;100426;308.05;10;10112853862;B
20240415;100426;308.06;110;10112853863;B
20240415;100427;308.06;10;10112853961;B
20240415;100427;308.03;10;10112854132;S
20240415;100427;308.01;90;10112854133;S
20240415;100427;308.06;10;10112854153;B
20240415;100428;308.03;20;10112854262;S
20240415;100428;308.03;10;10112854314;S
20240415;100428;308.03;10;10112854334;S
20240415;100429;308.07;980;10112854627;B
20240415;100429;308.08;330;10112854628;B
20240415;100429;308.08;30;10112854629;B
20240415;100429;308.08;880;10112854630;B
20240415;100429;308.08;870;10112854631;B
20240415;100429;308.09;100;10112854632;B
20240415;100429;308.09;2000;10112854633;B
20240415;100429;308.11;410;10112854634;B
20240415;100429;308.12;410;10112854635;B
20240415;100429;308.12;2000;10112854636;B
20240415;100429;308.13;410;10112854637;B
20240415;100429;308.14;410;10112854638;B
20240415;100429;308.14;2000;10112854639;B
20240415;100429;308.14;2000;10112854640;B
20240415;100429;308.15;410;10112854641;B
20240415;100429;308.16;410;10112854642;B
20240415;100429;308.16;8000;10112854643;B
20240415;100429;308.17;410;10112854644;B
20240415;100429;308.17;3000;10112854645;B
20240415;100429;308.18;410;10112854646;B
20240415;100429;308.19;410;10112854647;B
20240415;100429;308.19;100;10112854648;B
20240415;100429;308.19;2000;10112854649;B
20240415;100429;308.19;6000;10112854650;B
20240415;100429;308.19;20;10112854651;B
20240415;100429;308.2;410;10112854652;B
20240415;100429;308.21;20;10112854653;B
20240415;100429;308.21;500;10112854654;B
20240415;100429;308.21;2000;10112854655;B
20240415;100429;308.21;800;10112854656;B
20240415;100429;308.22;50;10112854657;B
20240415;100429;308.22;300;10112854658;B
20240415;100429;308.22;3920;10112854659;B
20240415;100430;308.09;400;10112854700;S
20240415;100430;308.09;410;10112854701;S
20240415;100430;308.08;390;10112854702;S
20240415;100430;308.21;50;10112854818;B
20240415;100430;308.09;410;10112854884;S
20240415;100430;308.09;400;10112854885;S
20240415;100430;308.08;410;10112854886;S
20240415;100430;308.08;800;10112854887;S
20240415;100430;308.08;480;10112854888;S
20240415;100430;308.07;50;10112854926;S
20240415;100430;308.07;20;10112854965;S
20240415;100431;308.13;10;10112855009;B
20240415;100431;308.16;400;10112855010;B
20240415;100431;308.2;590;10112855011;B
20240415;100431;308.09;400;10112855130;S
20240415;100431;308.09;410;10112855131;S
20240415;100431;308.08;1190;10112855132;S
20240415;100431;308.1;500;10112855175;B
20240415;100431;308.16;400;10112855176;B
20240415;100431;308.19;980;10112855177;B
20240415;100431;308.2;330;10112855178;B
20240415;100431;308.2;790;10112855179;B
20240415;100432;308.16;500;10112855228;S
20240415;100432;308.12;410;10112855229;S
20240415;100432;308.11;90;10112855230;S
20240415;100432;308.17;10;10112855296;B
20240415;100434;308.19;10;10112855644;B
20240415;100434;308.19;50;10112855645;B
20240415;100434;308.2;10;10112855646;B
20240415;100435;308.2;10;10112855780;B
20240415;100435;308.13;30;10112855785;S
20240415;100436;308.14;10;10112856107;B
20240415;100436;308.14;10;10112856163;B
20240415;100436;308.14;50;10112856171;B
20240415;100437;308.14;30;10112856321;B
20240415;100437;308.13;400;10112856350;S
20240415;100437;308.13;7480;10112856351;S
20240415;100437;308.13;870;10112856352;S
20240415;100437;308.12;10;10112856353;S
20240415;100437;308.12;1000;10112856354;S
20240415;100437;308.11;410;10112856355;S
20240415;100437;308.1;410;10112856356;S
20240415;100437;308.09;410;10112856357;S
20240415;100437;308.08;410;10112856358;S
20240415;100437;308.07;340;10112856359;S
20240415;100437;308.06;410;10112856360;S
20240415;100437;308.06;10;10112856361;S
20240415;100437;308.06;2000;10112856362;S
20240415;100437;308.06;800;10112856363;S
20240415;100437;308.06;1000;10112856364;S
20240415;100437;308.06;40;10112856365;S
20240415;100437;308.06;300;10112856390;S
20240415;100437;308.06;100;10112856415;S
20240415;100437;308.06;30;10112856418;S
20240415;100438;308.06;30;10112856447;S
20240415;100438;308.04;20;10112856448;S
20240415;100438;308.04;10;10112856593;S
20240415;100439;308.09;120;10112856678;B
20240415;100439;308.08;10;10112856794;B
20240415;100439;308.09;190;10112856795;B
20240415;100439;308.09;670;10112856873;B
20240415;100439;308.1;330;10112856874;B
20240415;100440;308.09;20;10112856930;B
20240415;100440;308.08;10;10112857005;S
20240415;100440;308.09;960;10112857053;B
20240415;100440;308.09;40;10112857054;B
20240415;100440;308.09;980;10112857083;B
20240415;100440;308.09;20;10112857084;B
20240415;100441;308.08;10;10112857178;S
20240415;100441;308.09;980;10112857258;B
20240415;100441;308.09;20;10112857259;B
20240415;100441;308.1;400;10112857317;B
20240415;100441;308.11;330;10112857318;B
20240415;100441;308.11;270;10112857319;B
20240415;100441;308.11;710;10112857372;B
20240415;100441;308.12;290;10112857373;B
20240415;100442;308.12;590;10112857449;B
20240415;100442;308.12;410;10112857450;B
20240415;100443;308.12;30;10112857643;B
20240415;100443;308.13;40;10112857644;B
20240415;100443;308.14;780;10112857645;B
20240415;100443;308.14;10;10112857646;B
20240415;100443;308.15;140;10112857647;B
20240415;100443;308.18;100;10112857656;B
20240415;100443;308.1;50;10112857766;S
20240415;100444;308.14;400;10112857905;S
20240415;100444;308.13;80;10112857906;S
20240415;100445;308.18;500;10112858058;B
20240415;100445;308.13;10;10112858077;S
20240415;100445;308.19;10;10112858104;B
20240415;100445;308.2;1310;10112858105;B
20240415;100445;308.2;250;10112858106;B
20240415;100445;308.2;10;10112858107;B
20240415;100445;308.2;100;10112858108;B
20240415;100445;308.2;410;10112858109;B
20240415;100445;308.2;870;10112858110;B
20240415;100445;308.2;400;10112858111;B
20240415;100445;308.21;410;10112858112;B
20240415;100445;308.21;10;10112858113;B
20240415;100445;308.21;2000;10112858114;B
20240415;100445;308.22;410;10112858115;B
20240415;100445;308.23;410;10112858116;B
20240415;100445;308.24;400;10112858117;B
20240415;100445;308.24;250;10112858118;B
20240415;100445;308.24;10;10112858119;B
20240415;100445;308.24;410;10112858120;B
20240415;100445;308.24;2000;10112858121;B
20240415;100445;308.24;70;10112858122;B
20240415;100445;308.13;100;10112858123;S
20240415;100445;308.22;1000;10112858141;B
20240415;100445;308.22;10;10112858154;B
20240415;100445;308.21;10;10112858251;B
20240415;100445;308.21;10;10112858252;B
20240415;100445;308.21;100;10112858278;B
20240415;100446;308.2;410;10112858705;B
20240415;100446;308.21;80;10112858706;B
20240415;100446;308.21;410;10112858707;B
20240415;100446;308.21;880;10112858708;B
20240415;100446;308.21;870;10112858709;B
20240415;100446;308.22;990;10112858710;B
20240415;100446;308.22;410;10112858711;B
20240415;100446;308.23;410;10112858712;B
20240415;100446;308.23;2000;10112858713;S
20240415;100446;308.22;290;10112858741;B
20240415;100446;308.22;80;10112858965;B
20240415;100446;308.22;500;10112859108;B
20240415;100446;308.21;500;10112859112;S
20240415;100447;308.22;50;10112859161;B
20240415;100447;308.23;450;10112859162;B
20240415;100448;308.2;100;10112859470;B
20240415;100448;308.2;1900;10112859474;B
20240415;100448;308.2;100;10112859475;B
20240415;100448;308.2;220;10112859476;B
20240415;100448;308.19;10;10112859586;S
20240415;100448;308.2;100;10112859605;B
20240415;100449;308.19;1000;10112859635;S
20240415;100449;308.19;1000;10112859636;S
20240415;100449;308.19;100;10112859637;S
20240415;100449;308.19;540;10112859639;S
20240415;100449;308.19;100;10112859640;S
20240415;100449;308.14;250;10112859642;S
20240415;100449;308.13;10;10112859700;S
20240415;100449;308.12;80;10112859701;S
20240415;100449;308.1;10;10112859702;S
20240415;100449;308.09;40;10112859703;S
20240415;100449;308.09;1110;10112859704;S
20240415;100449;308.09;10;10112859788;S
20240415;100450;308.12;100;10112860049;B
20240415;100450;308.09;980;10112860106;S
20240415;100451;308.09;900;10112860242;S
20240415;100451;308.09;1000;10112860243;S
20240415;100451;308.09;2000;10112860244;S
20240415;100451;308.09;200;10112860245;S
20240415;100451;308.11;10;10112860334;B
20240415;100451;308.11;10;10112860362;B
20240415;100451;308.09;1000;10112860375;S
20240415;100451;308.09;200;10112860376;S
20240415;100451;308.09;1000;10112860377;S
20240415;100451;308.09;560;10112860378;S
20240415;100451;308.09;230;10112860379;S
20240415;100451;308.08;20;10112860380;S
20240415;100451;308.03;960;10112860397;S
20240415;100452;308.03;10;10112860494;B
20240415;100452;308.03;220;10112860535;B
20240415;100452;308.03;10;10112860536;B
20240415;100452;308.03;100;10112860537;B
20240415;100452;308.07;880;10112860538;B
20240415;100452;308.08;980;10112860539;B
20240415;100452;308.09;300;10112860540;B
20240415;100452;308.09;260;10112860541;B
20240415;100452;308.1;330;10112860542;B
