<DATE>;<TIME>;<LAST>;<VOL>;<ID>;<OPER>
20240320;095939;295.3;10;9895271187;S
20240320;095939;295.3;10;9895271188;S
20240320;095939;295.3;10;9895271189;S
20240320;095939;295.3;90;9895271190;B
20240320;095939;295.3;10;9895271191;S
20240320;095939;295.3;10;9895271192;S
20240320;095939;295.3;10;9895271193;B
20240320;095939;295.3;10;9895271194;B
20240320;095939;295.3;10;9895271195;B
20240320;095939;295.3;10;9895271196;B
20240320;095939;295.3;10;9895271197;B
20240320;095939;295.3;100;9895271198;B
20240320;095939;295.3;50;9895271199;B
20240320;095939;295.3;370;9895271200;B
20240320;095939;295.3;100;9895271201;B
20240320;095939;295.3;450;9895271202;S
20240320;095939;295.3;200;9895271203;S
20240320;095939;295.3;30;9895271204;S
20240320;095939;295.3;300;9895271205;S
20240320;095939;295.3;10;9895271206;S
20240320;095939;295.3;10;9895271207;S
20240320;095939;295.3;20;9895271208;S
20240320;095939;295.3;2140;9895271209;S
20240320;095939;295.3;70;9895271210;S
20240320;095939;295.3;50;9895271211;S
20240320;095939;295.3;10;9895271212;S
20240320;095939;295.3;100;9895271213;S
20240320;095939;295.3;300;9895271214;S
20240320;095939;295.3;10;9895271215;S
20240320;095939;295.3;10;9895271216;S
20240320;095939;295.3;10;9895271217;S
20240320;095939;295.3;20;9895271218;S
20240320;095939;295.3;120;9895271219;B
20240320;095939;295.3;10;9895271220;S
20240320;095939;295.3;50;9895271221;S
20240320;095939;295.3;10;9895271222;B
20240320;095939;295.3;10;9895271223;B
20240320;095939;295.3;40;9895271224;S
20240320;095939;295.3;1660;9895271225;B
20240320;095939;295.3;10;9895271226;B
20240320;095939;295.3;130;9895271227;B
20240320;095939;295.3;370;9895271228;B
20240320;095939;295.3;1950;9895271229;B
20240320;095939;295.3;40;9895271230;B
20240320;095939;295.3;880;9895271231;B
20240320;095939;295.3;40;9895271232;B
20240320;095939;295.3;10;9895271233;B
20240320;095939;295.3;10;9895271234;B
20240320;095939;295.3;30;9895271235;B
20240320;095939;295.3;10;9895271236;B
20240320;095939;295.3;30;9895271237;B
20240320;095939;295.3;20;9895271238;B
20240320;095939;295.3;330;9895271239;B
20240320;095939;295.3;350;9895271240;B
20240320;095939;295.3;10;9895271241;B
20240320;095939;295.3;10;9895271242;B
20240320;095939;295.3;10;9895271243;B
20240320;095939;295.3;20;9895271244;B
20240320;095939;295.3;10;9895271245;B
20240320;095939;295.3;30;9895271246;B
20240320;095939;295.3;10;9895271247;B
20240320;095939;295.3;20;9895271248;B
20240320;095939;295.3;20;9895271249;B
20240320;095939;295.3;90;9895271250;B
20240320;095939;295.3;20;9895271251;B
20240320;095939;295.3;30;9895271252;B
20240320;095939;295.3;480;9895271253;B
20240320;095939;295.3;10;9895271254;B
20240320;095939;295.3;10;9895271255;B
20240320;095939;295.3;10;9895271256;B
20240320;095939;295.3;10;9895271257;S
20240320;095939;295.3;50;9895271258;B
20240320;095939;295.3;200;9895271259;B
20240320;095939;295.3;10;9895271260;S
20240320;095939;295.3;10;9895271261;S
20240320;095939;295.3;250;9895271262;S
20240320;095939;295.3;10;9895271263;B
20240320;095939;295.3;10000;9895271264;S
20240320;095939;295.3;10000;9895271265;B
20240320;095939;295.3;10;9895271266;S
20240320;095939;295.3;100;9895271267;B
20240320;095939;295.3;1000;9895271268;S
20240320;095939;295.3;10;9895271269;S
20240320;095939;295.3;40;9895271270;S
20240320;095939;295.3;160;9895271271;S
20240320;095939;295.3;40;9895271272;B
20240320;095939;295.3;40;9895271273;B
20240320;095939;295.3;500;9895271274;S
20240320;095939;295.3;10;9895271275;S
20240320;095939;295.3;100;9895271276;S
20240320;095939;295.3;850;9895271277;S
20240320;095939;295.3;100;9895271278;S
20240320;095939;295.3;10;9895271279;S
20240320;095939;295.3;60;9895271280;B
20240320;095939;295.3;10;9895271281;B
20240320;095939;295.3;100;9895271282;B
20240320;095939;295.3;500;9895271283;S
20240320;095939;295.3;10;9895271284;S
20240320;095939;295.3;10;9895271285;S
20240320;095939;295.3;10;9895271286;B
20240320;095939;295.3;950;9895271287;B
20240320;095939;295.3;20;9895271288;B
20240320;095939;295.3;150;9895271289;B
20240320;095939;295.3;500;9895271290;B
20240320;095939;295.3;10;9895271291;S
20240320;095939;295.3;10;9895271292;S
20240320;095939;295.3;250;9895271293;S
20240320;095939;295.3;1690;9895271294;B
20240320;095939;295.3;30;9895271295;B
20240320;095939;295.3;10;9895271296;B
20240320;095939;295.3;10;9895271297;B
20240320;095939;295.3;10000;9895271298;B
20240320;095939;295.3;10;9895271299;B
20240320;095939;295.3;10;9895271300;S
20240320;095939;295.3;10;9895271301;S
20240320;095939;295.3;100;9895271302;S
20240320;095939;295.3;10;9895271303;S
20240320;095939;295.3;250;9895271304;S
20240320;095939;295.3;3270;9895271305;S
20240320;095939;295.3;40;9895271306;S
20240320;095939;295.3;400;9895271307;S
20240320;095939;295.3;10;9895271308;S
20240320;095939;295.3;100;9895271309;B
20240320;095939;295.3;20;9895271310;B
20240320;095939;295.3;970;9895271311;S
20240320;095939;295.3;10;9895271312;B
20240320;095939;295.3;500;9895271313;S
20240320;095939;295.3;10;9895271314;B
20240320;095939;295.3;10;9895271315;B
20240320;095939;295.3;80;9895271316;B
20240320;095939;295.3;20;9895271317;B
20240320;095939;295.3;10;9895271318;B
20240320;095939;295.3;10;9895271319;B
20240320;095939;295.3;50;9895271320;B
20240320;095939;295.3;10;9895271321;B
20240320;095939;295.3;90;9895271322;B
20240320;095939;295.3;30;9895271323;B
20240320;095939;295.3;20;9895271324;B
20240320;095939;295.3;40;9895271325;B
20240320;095939;295.3;20;9895271326;B
20240320;095939;295.3;10;9895271327;B
20240320;095939;295.3;10;9895271328;B
20240320;095939;295.3;500;9895271329;B
20240320;095939;295.3;10;9895271330;B
20240320;095939;295.3;20;9895271331;S
20240320;095939;295.3;10;9895271332;S
20240320;095939;295.3;50;9895271333;S
20240320;095939;295.3;100;9895271334;S
20240320;095939;295.3;10;9895271335;S
20240320;095939;295.3;60;9895271336;S
20240320;095939;295.3;300;9895271337;S
20240320;095939;295.3;100;9895271338;S
20240320;100000;295.4;100;9895275456;B
20240320;100000;295.4;10;9895275510;B
20240320;100000;295.4;220;9895275522;B
20240320;100001;295.4;270;9895275823;B
20240320;100001;295.4;400;9895275853;B
20240320;100001;295.42;140;9895275854;B
20240320;100001;295.5;360;9895275862;B
20240320;100001;295.5;40;9895275863;B
20240320;100001;295.5;60;9895275936;B
20240320;100001;295.5;40;9895275937;B
20240320;100001;295.51;90;9895275938;B
20240320;100001;295.51;10;9895275939;B
20240320;100001;295.51;20;9895275947;B
20240320;100001;295.56;980;9895275968;B
20240320;100001;295.56;100;9895275977;B
20240320;100001;295.56;100;9895275978;B
20240320;100001;295.56;100;9895275979;B
20240320;100001;295.56;100;9895275980;S
20240320;100001;295.56;100;9895275981;B
20240320;100001;295.56;100;9895275984;S
20240320;100001;295.56;100;9895275985;B
20240320;100001;295.57;100;9895275987;B
20240320;100001;295.57;100;9895275989;B
20240320;100001;295.57;100;9895275990;B
20240320;100001;295.57;100;9895275991;B
20240320;100001;295.6;100;9895276002;B
20240320;100001;295.6;100;9895276003;B
20240320;100001;295.61;100;9895276004;B
20240320;100001;295.61;100;9895276035;B
20240320;100001;295.61;50;9895276113;B
20240320;100001;295.61;10;9895276258;B
20240320;100001;295.61;160;9895276264;B
20240320;100001;295.61;630;9895276265;B
20240320;100001;295.62;590;9895276266;B
20240320;100002;295.63;100;9895276490;B
20240320;100002;295.63;100;9895276492;B
20240320;100002;295.63;100;9895276495;B
20240320;100002;295.63;100;9895276500;B
20240320;100002;295.63;100;9895276505;B
20240320;100002;295.63;100;9895276508;B
20240320;100002;295.63;30;9895276511;B
20240320;100002;295.64;100;9895276514;B
20240320;100002;295.63;70;9895276515;S
20240320;100002;295.63;230;9895276516;S
20240320;100002;295.64;40;9895276533;B
20240320;100002;295.64;60;9895276534;B
20240320;100002;295.63;100;9895276537;B
20240320;100002;295.63;100;9895276539;B
20240320;100002;295.64;100;9895276543;B
20240320;100002;295.64;100;9895276544;B
20240320;100002;295.64;100;9895276548;B
20240320;100002;295.64;100;9895276555;B
20240320;100002;295.64;100;9895276557;B
20240320;100002;295.64;70;9895276560;B
20240320;100002;295.65;100;9895276564;B
20240320;100002;295.65;10;9895276629;B
20240320;100002;295.65;100;9895276630;B
20240320;100002;295.65;100;9895276685;B
20240320;100002;295.69;100;9895276689;B
20240320;100002;295.69;30;9895276690;B
20240320;100002;295.68;20;9895276691;B
20240320;100002;295.68;100;9895276692;B
20240320;100002;295.67;100;9895276694;B
20240320;100002;295.63;20;9895276768;S
20240320;100002;295.66;100;9895276982;B
20240320;100002;295.62;10;9895277045;S
20240320;100002;295.66;10;9895277049;B
20240320;100003;295.66;10;9895277597;S
20240320;100004;295.69;500;9895277682;B
20240320;100004;295.7;10;9895277683;B
20240320;100004;295.7;630;9895277684;B
20240320;100004;295.71;420;9895277685;B
20240320;100004;295.71;630;9895277686;B
20240320;100004;295.72;100;9895277687;B
20240320;100004;295.72;630;9895277688;B
20240320;100004;295.73;630;9895277689;B
20240320;100004;295.73;400;9895277690;B
20240320;100004;295.74;50;9895277691;B
20240320;100004;295.7;300;9895277878;S
20240320;100004;295.7;100;9895277879;S
20240320;100004;295.7;40;9895277880;S
20240320;100004;295.66;260;9895277881;S
20240320;100004;295.65;2000;9895277883;S
20240320;100004;295.65;80;9895277885;S
20240320;100004;295.66;10;9895277899;B
20240320;100004;295.67;40;9895277924;B
20240320;100004;295.67;60;9895277925;B
20240320;100005;295.67;760;9895278018;B
20240320;100005;295.68;240;9895278019;B
20240320;100005;295.67;10;9895278065;B
20240320;100005;295.67;630;9895278066;B
20240320;100005;295.67;340;9895278067;B
20240320;100005;295.79;400;9895278077;B
20240320;100005;295.79;110;9895278078;B
20240320;100005;295.76;980;9895278079;S
20240320;100005;295.67;400;9895278085;S
20240320;100005;295.67;350;9895278337;B
20240320;100005;295.66;10;9895278338;S
20240320;100005;295.65;20;9895278339;S
20240320;100005;295.67;10;9895278424;B
20240320;100005;295.67;30;9895278429;B
20240320;100005;295.67;100;9895278523;B
20240320;100005;295.65;20;9895278706;S
20240320;100005;295.67;100;9895278925;B
20240320;100005;295.67;10;9895278934;B
20240320;100005;295.67;10;9895278935;B
20240320;100005;295.67;10;9895279074;B
20240320;100005;295.67;980;9895279084;B
20240320;100005;295.67;2000;9895279085;B
20240320;100005;295.67;400;9895279086;B
20240320;100005;295.68;630;9895279087;B
20240320;100005;295.69;630;9895279088;B
20240320;100005;295.7;360;9895279089;B
20240320;100006;295.65;210;9895279498;S
20240320;100006;295.69;20;9895279499;B
20240320;100006;295.67;680;9895279638;B
20240320;100006;295.68;320;9895279639;B
20240320;100006;295.69;10;9895279643;B
20240320;100006;295.65;10;9895279644;S
20240320;100006;295.69;50;9895279769;B
20240320;100006;295.65;10;9895279781;S
20240320;100006;295.65;150;9895279793;S
20240320;100006;295.64;90;9895279794;S
20240320;100006;295.63;10;9895279840;S
20240320;100006;295.63;30;9895279842;S
20240320;100006;295.72;10;9895279845;B
20240320;100006;295.73;200;9895279888;B
20240320;100006;295.73;100;9895279889;B
20240320;100006;295.65;10;9895279960;S
20240320;100006;295.68;100;9895280071;B
20240320;100006;295.7;30;9895280104;B
20240320;100007;295.62;20;9895280472;S
20240320;100007;295.65;10;9895280477;S
20240320;100007;295.69;10;9895280479;B
20240320;100007;295.65;50;9895280481;S
20240320;100007;295.69;10;9895280483;B
20240320;100007;295.68;10;9895280488;B
20240320;100007;295.64;20;9895280604;S
20240320;100007;295.63;20;9895280734;S
20240320;100007;295.71;10;9895280738;B
20240320;100007;295.71;40;9895280744;B
20240320;100007;295.71;10;9895280750;B
20240320;100007;295.64;10;9895280753;S
20240320;100007;295.67;1020;9895280794;S
20240320;100007;295.64;400;9895280795;S
20240320;100007;295.62;340;9895280796;S
20240320;100007;295.61;190;9895280797;S
20240320;100007;295.74;10;9895281073;B
20240320;100007;295.64;10;9895281075;S
20240320;100007;295.71;10;9895281116;B
20240320;100007;295.65;270;9895281314;S
20240320;100007;295.71;150;9895281317;B
20240320;100007;295.71;520;9895281318;B
20240320;100007;295.7;10;9895281519;B
20240320;100007;295.63;30;9895281776;S
20240320;100008;295.69;10;9895281805;B
20240320;100008;295.66;10;9895281883;B
20240320;100008;295.6;10;9895281885;S
20240320;100008;295.66;10;9895281886;B
20240320;100008;295.66;10;9895281887;B
20240320;100008;295.66;310;9895281894;B
20240320;100008;295.68;630;9895281895;B
20240320;100008;295.68;60;9895281896;B
20240320;100008;295.59;630;9895282247;S
20240320;100008;295.59;30;9895282248;S
20240320;100008;295.66;30;9895282251;B
20240320;100008;295.59;200;9895282255;S
20240320;100008;295.59;30;9895282258;S
20240320;100008;295.59;140;9895282260;S
20240320;100008;295.58;230;9895282261;S
20240320;100008;295.65;30;9895282594;B
20240320;100008;295.59;20;9895282595;S
20240320;100008;295.65;10;9895282730;B
20240320;100008;295.65;20;9895282731;B
20240320;100008;295.65;10;9895282733;B
20240320;100009;295.65;10;9895282796;B
20240320;100009;295.59;30;9895283054;S
20240320;100009;295.58;40;9895283246;S
20240320;100010;295.62;400;9895283334;B
20240320;100010;295.63;340;9895283335;B
20240320;100010;295.64;1020;9895283336;B
20240320;100010;295.65;280;9895283337;B
20240320;100010;295.65;630;9895283338;B
20240320;100010;295.66;630;9895283339;B
20240320;100010;295.67;380;9895283394;B
20240320;100010;295.67;10;9895283405;B
20240320;100010;295.66;400;9895283408;S
20240320;100010;295.66;300;9895283409;S
20240320;100010;295.67;100;9895283442;B
20240320;100010;295.67;10;9895283463;B
20240320;100010;295.66;20;9895283464;S
20240320;100010;295.67;10;9895283495;B
20240320;100010;295.67;10;9895283629;B
20240320;100010;295.66;200;9895283632;S
20240320;100010;295.66;40;9895283656;S
20240320;100010;295.67;80;9895283658;B
20240320;100010;295.66;10;9895283694;S
20240320;100010;295.67;30;9895283707;B
20240320;100010;295.67;50;9895283708;B
20240320;100010;295.67;170;9895283709;B
20240320;100010;295.67;70;9895283759;B
20240320;100011;295.67;160;9895284051;B
20240320;100011;295.67;340;9895284052;B
20240320;100011;295.67;500;9895284053;B
20240320;100012;295.67;1500;9895284195;B
20240320;100012;295.67;230;9895284196;B
20240320;100012;295.67;420;9895284197;B
20240320;100012;295.67;210;9895284198;B
20240320;100012;295.67;400;9895284199;B
20240320;100012;295.68;630;9895284200;B
20240320;100012;295.68;50;9895284201;B
20240320;100012;295.69;510;9895284202;B
20240320;100012;295.69;120;9895284203;B
20240320;100012;295.69;340;9895284204;B
20240320;100012;295.7;630;9895284205;B
20240320;100012;295.7;1000;9895284206;B
20240320;100012;295.7;730;9895284208;B
20240320;100012;295.67;400;9895284255;S
20240320;100012;295.66;130;9895284256;S
20240320;100012;295.61;970;9895284257;S
20240320;100013;295.7;10;9895284503;B
20240320;100013;295.7;2130;9895284558;B
20240320;100014;295.66;400;9895284857;S
20240320;100014;295.65;20;9895284858;S
20240320;100014;295.63;580;9895284859;S
20240320;100014;295.61;2940;9895284860;S
20240320;100014;295.61;100;9895284861;S
20240320;100014;295.6;1010;9895284862;S
20240320;100014;295.59;630;9895284863;S
20240320;100014;295.58;630;9895284864;S
20240320;100014;295.57;630;9895284865;S
20240320;100014;295.56;630;9895284866;S
20240320;100014;295.55;630;9895284867;S
20240320;100014;295.55;460;9895284868;S
20240320;100014;295.54;630;9895284869;S
20240320;100014;295.54;2000;9895284870;S
20240320;100014;295.53;630;9895284871;S
20240320;100014;295.53;8000;9895284872;S
20240320;100014;295.52;80;9895284873;S
20240320;100014;295.58;10;9895284886;S
20240320;100014;295.58;40;9895284956;S
20240320;100014;295.58;400;9895285033;B
20240320;100014;295.59;100;9895285034;B
20240320;100014;295.59;20;9895285046;B
20240320;100015;295.58;60;9895285212;B
20240320;100015;295.52;50;9895285248;S
20240320;100015;295.52;50;9895285260;S
20240320;100015;295.55;160;9895285291;B
20240320;100015;295.57;200;9895285293;B
20240320;100015;295.56;380;9895285294;B
20240320;100015;295.58;110;9895285297;B
20240320;100015;295.58;290;9895285298;B
20240320;100015;295.59;210;9895285299;B
20240320;100015;295.59;420;9895285300;B
20240320;100015;295.58;280;9895285301;B
20240320;100015;295.58;120;9895285303;B
20240320;100015;295.59;200;9895285304;B
20240320;100015;295.59;310;9895285312;B
20240320;100015;295.59;250;9895285318;B
20240320;100015;295.59;400;9895285320;B
20240320;100015;295.59;290;9895285321;B
20240320;100015;295.59;290;9895285322;B
20240320;100015;295.59;80;9895285323;B
20240320;100015;295.59;400;9895285324;B
20240320;100015;295.61;100;9895285325;B
20240320;100015;295.6;90;9895285326;B
20240320;100015;295.6;250;9895285327;B
20240320;100015;295.6;90;9895285328;B
20240320;100015;295.6;80;9895285329;B
20240320;100015;295.6;320;9895285330;B
20240320;100016;295.53;400;9895285360;S
20240320;100016;295.52;680;9895285361;S
20240320;100016;295.51;80;9895285362;S
20240320;100016;295.51;190;9895285363;S
20240320;100016;295.51;630;9895285364;S
20240320;100016;295.5;630;9895285365;S
20240320;100016;295.49;10;9895285366;S
20240320;100016;295.49;630;9895285367;S
20240320;100016;295.48;630;9895285368;S
20240320;100016;295.48;2000;9895285369;S
20240320;100016;295.47;630;9895285370;S
20240320;100016;295.47;1010;9895285371;S
20240320;100016;295.46;630;9895285372;S
20240320;100016;295.45;630;9895285373;S
20240320;100016;295.44;630;9895285374;S
20240320;100016;295.44;200;9895285375;S
20240320;100016;295.48;400;9895285412;S
20240320;100016;295.47;1600;9895285413;S
20240320;100016;295.56;390;9895285510;B
20240320;100016;295.56;1350;9895285511;B
20240320;100016;295.56;630;9895285512;B
20240320;100016;295.57;630;9895285513;B
20240320;100016;295.58;110;9895285514;B
20240320;100017;295.56;20;9895285596;B
20240320;100017;295.56;20;9895285635;B
20240320;100019;295.52;170;9895285999;S
20240320;100019;295.51;20;9895286066;S
20240320;100019;295.55;50;9895286173;B
20240320;100020;295.55;180;9895286316;B
20240320;100020;295.55;120;9895286317;B
20240320;100020;295.51;10;9895286361;S
20240320;100020;295.55;10;9895286392;B
20240320;100020;295.51;40;9895286538;S
20240320;100021;295.51;60;9895286678;S
20240320;100021;295.55;10;9895286738;B
20240320;100022;295.54;10;9895287070;B
20240320;100023;295.54;330;9895287210;B
20240320;100023;295.55;130;9895287211;B
20240320;100023;295.55;40;9895287218;B
20240320;100023;295.55;460;9895287219;B
20240320;100023;295.56;160;9895287220;B
20240320;100023;295.56;630;9895287221;B
20240320;100023;295.56;1010;9895287222;B
20240320;100023;295.56;400;9895287223;B
20240320;100023;295.57;630;9895287224;B
20240320;100023;295.58;630;9895287225;B
20240320;100023;295.58;340;9895287226;B
20240320;100023;295.59;630;9895287227;B
20240320;100023;295.59;2000;9895287228;B
20240320;100023;295.6;110;9895287229;B
20240320;100023;295.61;30;9895287286;B
20240320;100024;295.61;300;9895287527;B
20240320;100025;295.56;400;9895287601;S
20240320;100025;295.55;340;9895287602;S
20240320;100025;295.54;2900;9895287603;S
20240320;100025;295.53;340;9895287604;S
20240320;100025;295.52;1020;9895287605;S
20240320;100025;295.52;50;9895287618;S
20240320;100025;295.52;630;9895287619;S
20240320;100025;295.51;630;9895287620;S
20240320;100025;295.51;5920;9895287621;S
20240320;100025;295.5;30;9895287622;S
20240320;100025;295.5;630;9895287623;S
20240320;100025;295.49;110;9895287624;S
20240320;100025;295.5;4320;9895287629;S
20240320;100025;295.48;400;9895287630;S
20240320;100025;295.47;340;9895287631;S
20240320;100025;295.47;2000;9895287632;S
20240320;100025;295.46;630;9895287633;S
20240320;100025;295.46;310;9895287634;S
20240320;100025;295.48;400;9895287710;B
20240320;100025;295.49;340;9895287711;B
20240320;100025;295.49;3030;9895287712;B
20240320;100025;295.49;230;9895287713;B
20240320;100025;295.48;100;9895287741;B
20240320;100026;295.5;50;9895287906;B
20240320;100026;295.5;900;9895287930;B
20240320;100026;295.51;360;9895287931;B
20240320;100026;295.51;500;9895288008;B
20240320;100026;295.51;1000;9895288198;B
20240320;100027;295.47;100;9895288230;S
20240320;100027;295.51;10;9895288452;B
20240320;100028;295.46;20;9895288500;S
20240320;100028;295.47;10;9895288624;S
20240320;100029;295.49;50;9895288945;S
20240320;100029;295.51;10;9895288988;B
20240320;100030;295.51;20;9895289005;B
20240320;100030;295.51;100;9895289083;B
20240320;100030;295.52;30;9895289084;B
20240320;100030;295.52;1010;9895289087;B
20240320;100030;295.54;10;9895289244;B
20240320;100031;295.54;10;9895289250;B
20240320;100031;295.59;30;9895289267;B
20240320;100031;295.54;10;9895289299;S
20240320;100031;295.49;270;9895289300;S
20240320;100031;295.57;10;9895289545;B
20240320;100032;295.48;340;9895289600;S
20240320;100032;295.47;660;9895289601;S
20240320;100032;295.53;10;9895289651;B
20240320;100033;295.5;10;9895289788;B
20240320;100033;295.49;40;9895289897;S
20240320;100034;295.5;390;9895290056;B
20240320;100034;295.5;910;9895290057;B
20240320;100034;295.49;60;9895290120;S
20240320;100035;295.5;10;9895290291;B
20240320;100035;295.47;10;9895290292;S
20240320;100035;295.49;170;9895290312;B
20240320;100035;295.5;180;9895290313;B
20240320;100035;295.47;490;9895290389;S
20240320;100035;295.46;10;9895290390;S
20240320;100035;295.45;10;9895290391;S
20240320;100035;295.45;1020;9895290392;S
20240320;100035;295.45;340;9895290393;S
20240320;100035;295.45;340;9895290394;S
20240320;100035;295.44;500;9895290395;S
20240320;100035;295.44;400;9895290396;S
20240320;100035;295.43;630;9895290397;S
20240320;100035;295.42;260;9895290398;S
20240320;100035;295.45;250;9895290399;S
20240320;100036;295.49;30;9895290463;B
20240320;100036;295.49;60;9895290466;B
20240320;100036;295.49;40;9895290467;B
20240320;100036;295.47;10;9895290521;S
20240320;100036;295.48;1770;9895290523;B
20240320;100036;295.48;1770;9895290540;B
20240320;100036;295.49;960;9895290541;B
20240320;100036;295.49;400;9895290542;B
20240320;100036;295.5;3900;9895290543;B
20240320;100036;295.5;2000;9895290544;B
20240320;100036;295.51;630;9895290545;B
20240320;100036;295.52;630;9895290546;B
20240320;100036;295.52;2000;9895290547;B
20240320;100036;295.53;630;9895290548;B
20240320;100036;295.53;2000;9895290549;B
20240320;100036;295.54;5080;9895290550;B
20240320;100036;295.51;1020;9895290559;S
20240320;100036;295.51;280;9895290560;S
20240320;100037;295.55;300;9895290725;B
20240320;100037;295.53;30;9895291078;S
20240320;100037;295.55;10;9895291127;B
20240320;100038;295.55;100;9895291303;B
20240320;100038;295.55;30;9895291519;B
20240320;100039;295.53;70;9895291685;S
20240320;100039;295.48;340;9895291686;S
20240320;100039;295.48;590;9895291687;S
20240320;100039;295.55;10;9895291711;B
20240320;100039;295.55;60;9895291712;B
20240320;100039;295.48;400;9895291853;S
20240320;100039;295.47;600;9895291854;S
20240320;100039;295.54;20;9895291908;B
20240320;100040;295.49;240;9895292046;B
20240320;100040;295.5;990;9895292178;B
20240320;100040;295.5;450;9895292200;B
20240320;100040;295.5;1070;9895292201;S
20240320;100041;295.52;10;9895292254;B
20240320;100041;295.49;10;9895292325;S
20240320;100041;295.48;20;9895292326;S
20240320;100041;295.47;130;9895292327;S
20240320;100041;295.49;40;9895292347;B
20240320;100041;295.5;120;9895292373;B
20240320;100041;295.5;10;9895292389;S
20240320;100042;295.51;340;9895292448;B
20240320;100042;295.51;220;9895292449;B
20240320;100042;295.52;830;9895292450;B
20240320;100042;295.49;20;9895292632;B
20240320;100042;295.47;250;9895292635;S
20240320;100042;295.48;180;9895292637;B
20240320;100042;295.47;10;9895292671;S
20240320;100043;295.47;10;9895292689;S
20240320;100043;295.49;340;9895292751;B
20240320;100043;295.5;60;9895292752;B
20240320;100043;295.51;30;9895292865;B
20240320;100043;295.52;10;9895292885;B
20240320;100044;295.53;1520;9895292994;B
20240320;100044;295.51;10;9895293208;B
20240320;100044;295.51;1510;9895293209;B
20240320;100044;295.51;1520;9895293214;B
20240320;100044;295.51;20;9895293267;B
20240320;100044;295.5;1000;9895293280;S
20240320;100045;295.51;10;9895293324;B
20240320;100045;295.49;20;9895293474;S
20240320;100045;295.48;150;9895293475;S
20240320;100046;295.5;40;9895293578;B
20240320;100046;295.51;5940;9895293623;B
20240320;100046;295.52;10;9895293624;B
20240320;100046;295.53;480;9895293625;B
20240320;100046;295.54;10;9895293626;B
20240320;100046;295.54;630;9895293627;B
20240320;100046;295.54;400;9895293628;B
20240320;100046;295.57;400;9895293638;S
20240320;100046;295.57;60;9895293639;S
20240320;100046;295.56;240;9895293640;S
20240320;100046;295.57;10;9895293675;S
20240320;100046;295.57;390;9895293676;S
20240320;100046;295.56;780;9895293677;S
20240320;100046;295.55;690;9895293678;S
20240320;100046;295.54;2530;9895293679;S
20240320;100046;295.51;340;9895293680;S
20240320;100046;295.5;1460;9895293681;S
20240320;100046;295.5;500;9895293682;S
20240320;100046;295.5;10;9895293683;S
20240320;100046;295.49;40;9895293684;S
20240320;100046;295.49;10;9895293685;S
20240320;100046;295.49;630;9895293686;S
20240320;100046;295.49;2000;9895293687;S
20240320;100046;295.48;630;9895293688;S
20240320;100046;295.47;630;9895293689;S
20240320;100046;295.47;2000;9895293690;S
20240320;100046;295.47;1010;9895293691;S
20240320;100046;295.46;630;9895293692;S
20240320;100046;295.45;10;9895293693;S
20240320;100046;295.45;630;9895293694;S
20240320;100046;295.45;2000;9895293695;S
20240320;100046;295.44;630;9895293696;S
20240320;100046;295.44;340;9895293697;S
20240320;100046;295.43;630;9895293698;S
20240320;100046;295.43;1000;9895293699;S
20240320;100046;295.43;480;9895293700;S
20240320;100046;295.47;400;9895293703;S
20240320;100046;295.46;1300;9895293704;S
20240320;100047;295.49;400;9895293767;B
20240320;100047;295.49;310;9895293807;B
20240320;100047;295.5;150;9895293891;B
20240320;100047;295.5;10;9895293919;B
20240320;100047;295.55;10;9895294018;B
20240320;100048;295.54;10;9895294242;B
20240320;100048;295.55;20;9895294243;B
20240320;100048;295.59;630;9895294305;B
20240320;100048;295.59;1370;9895294306;B
20240320;100049;295.59;10;9895294423;B
20240320;100049;295.59;50;9895294578;B
20240320;100051;295.58;10;9895295252;B
20240320;100052;295.59;60;9895295532;B
20240320;100052;295.58;10;9895295543;S
20240320;100052;295.57;30;9895295544;S
20240320;100052;295.55;10;9895295545;S
20240320;100052;295.55;70;9895295546;S
20240320;100052;295.59;100;9895295600;B
20240320;100052;295.55;10;9895295616;S
20240320;100053;295.59;30;9895295626;B
20240320;100053;295.55;10;9895295650;S
20240320;100053;295.55;100;9895295810;S
20240320;100053;295.55;40;9895295835;S
20240320;100053;295.55;10;9895295841;S
20240320;100054;295.59;440;9895295855;B
20240320;100054;295.59;400;9895295856;B
20240320;100054;295.6;160;9895295912;B
20240320;100054;295.59;600;9895295986;S
20240320;100054;295.6;50;9895295994;B
20240320;100054;295.59;80;9895296035;S
20240320;100054;295.55;30;9895296036;S
20240320;100054;295.55;590;9895296037;S
20240320;100055;295.59;10;9895296157;B
20240320;100055;295.59;140;9895296206;B
20240320;100056;295.59;300;9895296331;B
20240320;100057;295.6;10;9895296465;B
20240320;100057;295.59;100;9895296639;S
20240320;100057;295.59;20;9895296645;B
20240320;100057;295.59;630;9895296646;B
20240320;100057;295.59;210;9895296647;B
20240320;100057;295.55;10;9895296686;S
20240320;100058;295.59;20;9895296780;B
20240320;100058;295.59;50;9895296996;B
20240320;100059;295.59;190;9895297235;B
20240320;100100;295.56;30;9895297238;S
20240320;100100;295.59;50;9895297370;B
20240320;100100;295.6;10;9895297403;B
20240320;100101;295.6;270;9895297529;B
20240320;100101;295.6;630;9895297530;B
20240320;100101;295.6;570;9895297531;B
20240320;100102;295.59;630;9895297905;B
20240320;100102;295.59;400;9895297906;B
20240320;100102;295.6;200;9895298097;B
20240320;100102;295.59;50;9895298126;S
20240320;100103;295.6;290;9895298369;B
20240320;100104;295.6;1350;9895298593;B
20240320;100104;295.6;50;9895298601;B
20240320;100104;295.6;2000;9895298604;B
20240320;100106;295.6;60;9895298997;B
20240320;100108;295.6;500;9895299351;B
20240320;100108;295.59;20;9895299361;S
20240320;100109;295.59;1900;9895299556;S
20240320;100109;295.59;100;9895299557;S
20240320;100109;295.6;50;9895299636;B
20240320;100109;295.6;10;9895299637;B
20240320;100109;295.59;300;9895299676;S
20240320;100109;295.59;100;9895299677;S
20240320;100109;295.59;200;9895299678;S
20240320;100109;295.6;10;9895299703;B
20240320;100109;295.6;10;9895299704;B
20240320;100109;295.6;4100;9895299705;B
20240320;100110;295.59;1800;9895299738;S
20240320;100110;295.59;1000;9895299739;S
20240320;100110;295.6;520;9895299795;B
20240320;100110;295.6;980;9895299796;B
20240320;100110;295.59;1500;9895299835;S
20240320;100110;295.59;150;9895299836;S
20240320;100110;295.59;350;9895299837;S
20240320;100110;295.59;650;9895299838;S
20240320;100110;295.59;350;9895299839;S
20240320;100110;295.6;2000;9895299844;B
20240320;100111;295.6;6430;9895299907;B
20240320;100111;295.6;10;9895299921;B
20240320;100111;295.59;150;9895299922;S
20240320;100111;295.57;350;9895299923;S
20240320;100111;295.59;100;9895300009;B
20240320;100111;295.59;100;9895300056;B
20240320;100112;295.59;200;9895300302;B
20240320;100112;295.57;400;9895300329;S
20240320;100112;295.56;170;9895300330;S
20240320;100112;295.55;400;9895300331;S
20240320;100112;295.55;100;9895300332;S
20240320;100112;295.55;10;9895300333;S
20240320;100112;295.55;100;9895300334;S
20240320;100112;295.54;10;9895300335;S
20240320;100112;295.53;810;9895300336;S
20240320;100114;295.53;1020;9895300727;S
20240320;100114;295.52;10;9895300728;S
20240320;100114;295.52;970;9895300729;S
20240320;100114;295.53;100;9895300770;B
20240320;100115;295.53;900;9895300799;B
20240320;100115;295.55;10;9895300800;B
20240320;100115;295.55;90;9895300801;B
20240320;100115;295.55;110;9895300808;B
20240320;100115;295.55;10;9895300823;B
20240320;100115;295.55;50;9895300886;B
20240320;100115;295.52;530;9895300911;S
20240320;100115;295.51;470;9895300912;S
20240320;100115;295.55;90;9895300919;B
20240320;100116;295.51;20;9895300993;S
20240320;100116;295.51;1000;9895301028;S
20240320;100116;295.51;200;9895301062;S
20240320;100116;295.51;170;9895301084;S
20240320;100117;295.51;200;9895301121;S
20240320;100117;295.51;1000;9895301133;S
20240320;100117;295.52;20;9895301147;B
20240320;100117;295.51;1100;9895301173;S
20240320;100117;295.52;20;9895301197;B
20240320;100118;295.51;200;9895301238;S
20240320;100118;295.52;30;9895301256;B
20240320;100118;295.51;100;9895301308;S
20240320;100118;295.51;540;9895301342;S
20240320;100118;295.5;1160;9895301343;S
20240320;100118;295.51;400;9895301345;B
20240320;100118;295.51;140;9895301346;B
20240320;100118;295.52;950;9895301347;B
20240320;100118;295.52;2070;9895301348;B
20240320;100118;295.53;1840;9895301349;B
20240320;100118;295.53;630;9895301350;B
20240320;100118;295.53;10;9895301351;B
20240320;100118;295.54;340;9895301352;B
20240320;100118;295.54;630;9895301353;B
20240320;100118;295.55;80;9895301354;B
20240320;100119;295.52;100;9895301414;B
20240320;100119;295.53;530;9895301433;B
20240320;100119;295.53;470;9895301434;B
20240320;100119;295.53;340;9895301543;B
20240320;100119;295.54;630;9895301544;B
20240320;100119;295.55;530;9895301545;B
20240320;100119;295.5;1340;9895301549;S
20240320;100119;295.5;660;9895301550;S
20240320;100119;295.53;200;9895301562;B
20240320;100119;295.54;10;9895301578;B
20240320;100120;295.54;10;9895301658;B
20240320;100120;295.54;150;9895301684;B
20240320;100120;295.54;60;9895301685;B
20240320;100121;295.5;300;9895301786;S
20240320;100121;295.5;40;9895301789;S
20240320;100121;295.5;300;9895301790;S
20240320;100121;295.5;500;9895301791;S
20240320;100121;295.5;10;9895301792;S
20240320;100121;295.5;260;9895301793;S
20240320;100121;295.5;350;9895301794;S
20240320;100121;295.5;50;9895301795;S
20240320;100121;295.49;220;9895301796;S
20240320;100121;295.48;1740;9895301797;B
20240320;100121;295.48;10;9895301852;B
20240320;100121;295.47;370;9895301875;S
20240320;100121;295.46;20;9895301876;S
20240320;100121;295.45;10;9895301877;S
20240320;100121;295.45;10;9895301878;S
20240320;100121;295.45;90;9895301879;S
20240320;100121;295.44;630;9895301880;S
20240320;100121;295.43;630;9895301881;S
20240320;100121;295.43;10;9895301882;S
20240320;100121;295.42;230;9895301883;S
20240320;100121;295.43;3820;9895301884;S
20240320;100121;295.42;400;9895301885;S
20240320;100121;295.42;2000;9895301886;S
20240320;100121;295.42;400;9895301887;B
20240320;100121;295.42;360;9895301888;S
20240320;100122;295.41;710;9895302004;S
20240320;100122;295.41;290;9895302047;S
20240320;100122;295.4;30;9895302048;S
20240320;100122;295.4;390;9895302049;S
20240320;100122;295.41;40;9895302137;B
20240320;100122;295.4;2000;9895302140;S
20240320;100122;295.4;100;9895302176;S
20240320;100123;295.41;100;9895302306;B
20240320;100123;295.4;1900;9895302320;S
20240320;100124;295.41;10;9895302457;B
20240320;100124;295.41;240;9895302458;B
20240320;100124;295.4;2000;9895302475;S
20240320;100124;295.41;670;9895302483;B
20240320;100124;295.41;1190;9895302484;B
20240320;100124;295.42;6140;9895302485;B
20240320;100124;295.46;10;9895302509;B
20240320;100124;295.46;340;9895302510;B
20240320;100124;295.46;650;9895302511;B
20240320;100125;295.4;100;9895302561;S
20240320;100125;295.41;40;9895302641;S
20240320;100125;295.43;780;9895302727;B
20240320;100125;295.44;30;9895302728;B
20240320;100126;295.41;40;9895302836;S
20240320;100126;295.43;20;9895302859;B
20240320;100126;295.41;1020;9895302894;B
20240320;100126;295.41;400;9895302895;B
20240320;100126;295.41;580;9895302896;B
20240320;100127;295.41;10;9895303054;B
20240320;100127;295.41;400;9895303055;S
20240320;100127;295.41;630;9895303056;S
20240320;100127;295.41;330;9895303057;S
20240320;100127;295.41;400;9895303058;S
20240320;100127;295.41;400;9895303059;S
20240320;100127;295.41;500;9895303060;S
20240320;100127;295.41;400;9895303062;S
20240320;100127;295.4;60;9895303079;S
20240320;100127;295.4;2000;9895303120;S
20240320;100127;295.41;10;9895303168;B
20240320;100128;295.41;100;9895303202;B
20240320;100128;295.41;30;9895303312;B
20240320;100128;295.4;2000;9895303322;S
20240320;100128;295.41;210;9895303331;B
20240320;100128;295.41;290;9895303332;B
20240320;100128;295.4;680;9895303341;S
20240320;100129;295.41;30;9895303381;B
20240320;100129;295.4;2000;9895303467;S
20240320;100129;295.4;8000;9895303468;S
20240320;100129;295.4;8000;9895303470;S
20240320;100129;295.4;200;9895303504;S
20240320;100130;295.4;570;9895303522;S
20240320;100130;295.4;10;9895303523;S
20240320;100130;295.4;500;9895303524;S
20240320;100130;295.37;10;9895303525;S
20240320;100130;295.35;10;9895303526;S
20240320;100130;295.35;630;9895303527;S
20240320;100130;295.35;570;9895303528;S
20240320;100130;295.36;400;9895303538;B
20240320;100130;295.37;500;9895303539;B
20240320;100130;295.38;1020;9895303540;B
20240320;100130;295.38;340;9895303541;B
20240320;100130;295.39;500;9895303542;B
20240320;100130;295.39;630;9895303543;B
20240320;100130;295.34;130;9895303577;S
20240320;100130;295.32;10;9895303578;S
20240320;100130;295.32;10;9895303579;S
20240320;100130;295.32;630;9895303580;S
20240320;100130;295.31;10;9895303581;S
20240320;100130;295.31;630;9895303582;S
20240320;100130;295.3;580;9895303583;S
20240320;100130;295.3;2000;9895303668;S
20240320;100130;295.3;200;9895303679;S
20240320;100130;295.3;200;9895303725;S
20240320;100131;295.3;200;9895303749;S
20240320;100131;295.3;1000;9895303750;S
20240320;100131;295.34;100;9895303778;B
20240320;100131;295.3;850;9895303803;S
20240320;100131;295.3;2000;9895303816;S
20240320;100131;295.3;200;9895303828;S
20240320;100131;295.31;400;9895303835;B
20240320;100131;295.32;1020;9895303836;B
20240320;100131;295.32;340;9895303837;B
20240320;100131;295.32;340;9895303838;B
20240320;100131;295.33;3300;9895303839;B
20240320;100131;295.3;200;9895303869;S
20240320;100132;295.3;4000;9895303957;S
20240320;100132;295.32;50;9895303964;B
20240320;100132;295.31;10;9895304013;S
20240320;100132;295.3;40;9895304014;S
20240320;100133;295.3;500;9895304105;S
20240320;100133;295.32;100;9895304112;B
20240320;100133;295.3;1800;9895304204;S
20240320;100133;295.31;20;9895304240;B
20240320;100134;295.3;40;9895304300;S
20240320;100134;295.3;100;9895304305;S
20240320;100134;295.3;9190;9895304315;S
20240320;100134;295.3;30;9895304316;S
20240320;100134;295.3;100;9895304317;S
20240320;100134;295.3;10;9895304318;S
20240320;100134;295.3;150;9895304319;S
20240320;100134;295.3;10;9895304320;S
20240320;100134;295.3;510;9895304321;S
20240320;100134;295.31;50;9895304354;B
20240320;100134;295.3;310;9895304358;S
20240320;100135;295.31;100;9895304545;B
20240320;100135;295.3;180;9895304570;S
20240320;100135;295.3;10;9895304571;S
20240320;100135;295.3;10;9895304572;S
20240320;100135;295.3;10;9895304573;S
20240320;100135;295.3;50;9895304574;S
20240320;100135;295.3;2000;9895304602;S
20240320;100135;295.3;200;9895304635;S
20240320;100136;295.3;50;9895304741;S
20240320;100136;295.3;10;9895304742;S
20240320;100136;295.29;50;9895304767;S
20240320;100136;295.28;50;9895304768;S
20240320;100136;295.28;10;9895304769;S
20240320;100136;295.27;500;9895304770;S
20240320;100136;295.26;30;9895304771;S
20240320;100136;295.25;70;9895304772;S
20240320;100136;295.25;930;9895304797;S
20240320;100136;295.25;500;9895304798;S
20240320;100136;295.23;10;9895304799;S
20240320;100136;295.22;10;9895304800;S
20240320;100136;295.22;40;9895304801;S
20240320;100136;295.22;40;9895304802;S
20240320;100136;295.22;30;9895304803;S
20240320;100136;295.21;10;9895304804;S
20240320;100136;295.21;10;9895304805;S
20240320;100136;295.21;1000;9895304806;S
20240320;100136;295.21;10;9895304807;S
20240320;100136;295.2;10;9895304808;S
20240320;100136;295.2;10;9895304809;S
20240320;100136;295.2;500;9895304810;S
20240320;100136;295.2;10;9895304811;S
20240320;100136;295.2;20;9895304812;S
20240320;100136;295.2;10;9895304813;S
20240320;100136;295.2;20;9895304814;S
20240320;100136;295.2;10;9895304815;S
20240320;100136;295.2;10;9895304816;S
20240320;100136;295.2;10;9895304817;S
20240320;100136;295.2;10;9895304818;S
20240320;100136;295.2;10;9895304819;S
20240320;100136;295.2;800;9895304820;S
20240320;100136;295.2;10;9895304821;S
20240320;100136;295.2;10;9895304822;S
20240320;100136;295.2;20;9895304823;S
20240320;100136;295.2;100;9895304824;S
20240320;100136;295.2;50;9895304825;S
20240320;100136;295.2;10;9895304826;S
20240320;100136;295.2;1000;9895304827;S
20240320;100136;295.2;30;9895304828;S
20240320;100136;295.2;10;9895304829;S
20240320;100136;295.2;190;9895304830;S
20240320;100136;295.2;30;9895304831;S
20240320;100136;295.2;10;9895304832;S
20240320;100136;295.2;20;9895304833;S
20240320;100136;295.2;170;9895304834;S
20240320;100136;295.2;10;9895304835;S
20240320;100136;295.2;10;9895304836;S
20240320;100136;295.2;2300;9895304837;S
20240320;100136;295.2;8000;9895304855;S
20240320;100136;295.2;20;9895304882;S
20240320;100136;295.2;2120;9895305012;S
20240320;100136;295.2;30;9895305135;S
20240320;100136;295.21;20;9895305160;B
20240320;100137;295.2;250;9895305235;S
20240320;100137;295.21;30;9895305261;B
20240320;100137;295.2;2000;9895305291;S
20240320;100137;295.21;10;9895305292;B
20240320;100138;295.2;280;9895305398;S
20240320;100138;295.2;40;9895305399;S
20240320;100138;295.2;10;9895305400;S
20240320;100138;295.2;100;9895305401;S
20240320;100138;295.2;40;9895305402;S
20240320;100138;295.2;20;9895305403;S
20240320;100138;295.2;10;9895305404;S
20240320;100138;295.2;30;9895305405;S
20240320;100138;295.2;20;9895305406;S
20240320;100138;295.2;10;9895305407;S
20240320;100138;295.2;10;9895305408;S
20240320;100138;295.2;2200;9895305409;S
20240320;100138;295.2;40;9895305484;S
20240320;100138;295.2;10;9895305540;S
20240320;100139;295.2;2000;9895305754;S
20240320;100139;295.2;5000;9895305795;S
20240320;100140;295.21;20;9895305856;B
20240320;100140;295.2;200;9895305903;S
20240320;100140;295.2;550;9895305911;S
20240320;100140;295.2;100;9895305912;S
20240320;100140;295.2;100;9895305913;S
20240320;100140;295.2;100;9895305914;S
20240320;100140;295.2;10;9895305915;S
20240320;100140;295.2;50;9895305916;S
20240320;100140;295.2;20;9895305917;S
20240320;100140;295.2;20;9895305918;S
20240320;100140;295.2;20;9895305919;S
20240320;100140;295.2;100;9895305920;S
20240320;100140;295.2;10;9895305921;S
20240320;100140;295.2;10;9895305922;S
20240320;100140;295.2;910;9895305923;S
20240320;100141;295.21;60;9895306110;B
20240320;100141;295.21;80;9895306111;B
20240320;100142;295.2;400;9895306368;S
20240320;100142;295.2;150;9895306369;S
20240320;100142;295.2;10;9895306370;S
20240320;100142;295.2;10;9895306371;S
20240320;100142;295.2;100;9895306372;S
20240320;100142;295.2;30;9895306373;S
20240320;100142;295.2;20;9895306374;S
20240320;100142;295.2;80;9895306375;S
20240320;100142;295.21;10;9895306378;B
20240320;100143;295.21;40;9895306497;B
20240320;100143;295.21;10;9895306535;B
20240320;100143;295.21;10;9895306603;B
20240320;100144;295.2;100;9895306748;S
20240320;100144;295.2;30;9895306749;S
20240320;100144;295.2;10;9895306750;S
20240320;100144;295.2;60;9895306751;S
20240320;100144;295.2;40;9895306766;S
20240320;100144;295.2;20;9895306767;S
20240320;100144;295.2;20;9895306768;S
20240320;100144;295.2;10;9895306769;S
20240320;100144;295.2;100;9895306770;S
20240320;100144;295.2;20;9895306771;S
20240320;100144;295.2;10;9895306772;S
20240320;100144;295.2;70;9895306773;S
20240320;100144;295.2;40;9895306774;S
20240320;100144;295.2;50;9895306775;S
20240320;100144;295.2;10;9895306776;S
20240320;100144;295.2;20;9895306777;S
20240320;100144;295.2;10;9895306778;S
20240320;100144;295.2;50;9895306779;S
20240320;100144;295.2;10;9895306780;S
20240320;100145;295.2;10;9895306838;B
20240320;100145;295.2;10;9895306841;B
20240320;100145;295.2;630;9895306842;B
20240320;100145;295.2;860;9895306843;B
20240320;100145;295.2;10;9895306918;B
20240320;100146;295.2;10;9895307068;B
20240320;100146;295.19;10;9895307101;S
20240320;100146;295.18;10;9895307102;S
20240320;100146;295.17;1060;9895307103;S
20240320;100146;295.15;10;9895307104;S
20240320;100146;295.15;10;9895307105;S
20240320;100146;295.15;30;9895307106;S
20240320;100146;295.15;10;9895307107;S
20240320;100146;295.15;10;9895307108;S
20240320;100146;295.15;110;9895307109;S
20240320;100146;295.15;10;9895307110;S
20240320;100146;295.15;10;9895307111;S
20240320;100146;295.15;70;9895307112;S
20240320;100146;295.15;10;9895307113;S
20240320;100146;295.15;400;9895307114;S
20240320;100146;295.15;550;9895307115;S
20240320;100146;295.15;900;9895307224;S
20240320;100147;295.15;2000;9895307393;S
20240320;100148;295.17;10;9895307443;B
20240320;100148;295.19;10;9895307456;B
20240320;100148;295.17;100;9895307476;B
20240320;100149;295.15;1550;9895307728;S
20240320;100149;295.15;10;9895307729;S
20240320;100149;295.15;10;9895307730;S
20240320;100149;295.15;10;9895307731;S
20240320;100149;295.15;10;9895307732;S
20240320;100149;295.15;10;9895307733;S
20240320;100149;295.15;100;9895307734;S
20240320;100149;295.15;10;9895307735;S
20240320;100149;295.15;10;9895307736;S
20240320;100149;295.15;10;9895307737;S
20240320;100149;295.12;50;9895307738;S
20240320;100149;295.1;220;9895307739;S
20240320;100149;295.1;50;9895307748;S
20240320;100150;295.15;70;9895307900;B
20240320;100150;295.11;340;9895307902;S
20240320;100150;295.1;230;9895307903;S
20240320;100150;295.1;20;9895307904;S
20240320;100150;295.1;20;9895307905;S
20240320;100150;295.1;100;9895307906;S
20240320;100150;295.1;50;9895307907;S
20240320;100150;295.1;30;9895307908;S
20240320;100150;295.1;40;9895307909;S
20240320;100150;295.1;100;9895307910;S
20240320;100150;295.1;1050;9895307911;S
20240320;100150;295.1;20;9895307912;S
20240320;100151;295.1;250;9895307938;S
20240320;100151;295.09;10;9895307939;S
20240320;100151;295.08;10;9895307940;S
20240320;100151;295.06;340;9895307941;S
20240320;100151;295.05;850;9895307942;S
20240320;100151;295.05;100;9895307943;S
20240320;100151;295.05;20;9895307944;S
20240320;100151;295.03;960;9895307945;S
20240320;100151;295.03;570;9895307949;S
20240320;100151;295.03;430;9895307950;S
20240320;100151;295.03;760;9895307951;S
20240320;100151;295.02;20;9895308038;S
20240320;100151;295.02;80;9895308039;S
20240320;100151;295.03;10;9895308051;B
20240320;100151;295.02;250;9895308055;S
20240320;100151;295.02;60;9895308107;S
20240320;100152;295.02;230;9895308175;S
20240320;100152;295.05;10;9895308232;B
20240320;100153;295.05;390;9895308371;B
20240320;100153;295.06;340;9895308372;B
20240320;100153;295.06;630;9895308373;B
20240320;100153;295.07;630;9895308374;B
20240320;100153;295.07;1880;9895308375;B
20240320;100153;295.07;60;9895308380;B
20240320;100153;295.03;10;9895308461;S
20240320;100153;295.02;90;9895308462;S
20240320;100154;295.02;290;9895308500;S
20240320;100154;295.02;20;9895308501;S
20240320;100154;295.02;20;9895308502;S
20240320;100154;295.02;20;9895308503;S
20240320;100154;295.02;10;9895308504;S
20240320;100154;295.02;10;9895308505;S
20240320;100154;295.02;50;9895308506;S
20240320;100154;295.02;10;9895308507;S
20240320;100154;295.01;10;9895308508;S
20240320;100154;295.01;10;9895308509;S
20240320;100154;295.01;10;9895308510;S
20240320;100154;295.01;60;9895308511;S
20240320;100154;295;20;9895308512;S
20240320;100154;295;10;9895308513;S
20240320;100154;295;10;9895308514;S
20240320;100154;295;40;9895308515;S
20240320;100154;295.03;10;9895308567;S
20240320;100154;295.01;400;9895308568;S
20240320;100154;295;460;9895308569;S
20240320;100154;295;10;9895308570;S
20240320;100154;295;40;9895308571;S
20240320;100154;295;10;9895308572;S
20240320;100154;295;10;9895308573;S
20240320;100154;295;30;9895308574;S
20240320;100154;295;400;9895308575;S
20240320;100154;295;30;9895308576;S
20240320;100154;295;10;9895308577;S
20240320;100154;295;10;9895308578;S
20240320;100154;295;40;9895308579;S
20240320;100154;295;50;9895308580;S
20240320;100154;295;20;9895308581;S
20240320;100154;295;10;9895308582;S
20240320;100154;295;500;9895308583;S
20240320;100154;295;10;9895308584;S
20240320;100154;295;20;9895308585;S
20240320;100154;295;10;9895308586;S
20240320;100154;295;60;9895308587;S
20240320;100154;295;20;9895308588;S
20240320;100154;295;10;9895308589;S
20240320;100154;295;10;9895308590;S
20240320;100154;295;20;9895308591;S
20240320;100154;295;10;9895308592;S
20240320;100154;295;820;9895308593;S
20240320;100154;295;60;9895308597;S
20240320;100155;295.01;20;9895308723;S
20240320;100155;295;120;9895308724;S
20240320;100155;295;860;9895308725;S
20240320;100155;295.04;40;9895308777;B
20240320;100156;295.02;10;9895308895;S
20240320;100156;295.01;10;9895308896;S
20240320;100156;295;30;9895308897;S
20240320;100156;295;50;9895308898;S
20240320;100156;295;10;9895308899;S
20240320;100156;295;20;9895308900;S
20240320;100156;295;170;9895308901;S
20240320;100156;295.03;50;9895308917;B
20240320;100157;295.04;10;9895308951;B
20240320;100157;295.05;10;9895308952;B
20240320;100157;295.05;60;9895308991;B
20240320;100158;295.02;10;9895309186;S
20240320;100158;295.01;10;9895309187;S
20240320;100158;295.01;20;9895309188;S
20240320;100158;295.05;10;9895309195;B
20240320;100158;295.05;170;9895309232;B
20240320;100159;295.02;400;9895309292;S
20240320;100159;295.01;340;9895309293;S
20240320;100159;295.01;10;9895309294;S
20240320;100159;295;130;9895309295;S
20240320;100159;295;20;9895309296;S
20240320;100159;295;10;9895309297;S
20240320;100159;295;10;9895309298;S
20240320;100159;295;100;9895309299;S
20240320;100159;295;10;9895309300;S
20240320;100159;295;10;9895309301;S
20240320;100159;295;100;9895309302;S
20240320;100159;295;20;9895309303;S
20240320;100159;295;50;9895309304;S
20240320;100159;295;10;9895309305;S
20240320;100159;295;780;9895309306;S
20240320;100159;295.03;200;9895309501;S
20240320;100200;295.03;340;9895309617;S
20240320;100200;295.02;2840;9895309618;S
20240320;100200;295.04;10;9895309671;B
20240320;100201;295.04;20;9895309784;B
20240320;100201;295.03;600;9895309824;S
20240320;100201;295.02;910;9895309825;S
20240320;100202;295.04;50;9895309883;B
20240320;100202;295.02;250;9895309906;S
20240320;100202;295.02;20;9895309934;B
20240320;100202;295.02;10;9895309974;B
20240320;100203;295.01;10;9895310259;S
20240320;100203;295;220;9895310260;S
20240320;100203;295;160;9895310261;S
20240320;100203;295;10;9895310262;S
20240320;100203;295;20;9895310263;S
20240320;100203;295;100;9895310264;S
20240320;100203;295;10;9895310265;S
20240320;100203;295;30;9895310266;S
20240320;100203;295;150;9895310267;S
20240320;100203;295;10;9895310268;S
20240320;100203;295;20;9895310269;S
20240320;100203;295;150;9895310270;S
20240320;100203;295;10;9895310271;S
20240320;100203;295;200;9895310272;S
20240320;100203;295;100;9895310273;S
20240320;100203;295;40;9895310274;S
20240320;100203;295;710;9895310275;S
20240320;100203;295;10;9895310276;S
20240320;100203;295;10;9895310277;S
20240320;100203;295;50;9895310278;S
20240320;100203;295;10;9895310279;S
20240320;100203;295;10;9895310280;S
20240320;100203;295;10;9895310281;S
20240320;100203;295;200;9895310282;S
20240320;100203;295;10;9895310283;S
20240320;100203;295;10;9895310284;S
20240320;100203;295;250;9895310285;S
20240320;100203;295;200;9895310286;S
20240320;100203;295;20;9895310287;S
20240320;100203;295;10;9895310288;S
20240320;100203;295;300;9895310289;S
20240320;100203;295;10;9895310290;S
20240320;100203;295;10;9895310291;S
20240320;100203;295;10000;9895310292;S
20240320;100204;295;10;9895310329;B
20240320;100204;295;1000;9895310358;B
20240320;100204;294.99;50;9895310383;S
20240320;100204;294.99;330;9895310384;S
20240320;100204;294.99;20;9895310385;S
20240320;100205;295;920;9895310581;B
20240320;100205;295;400;9895310582;B
20240320;100205;295;340;9895310583;B
20240320;100205;295;1900;9895310584;B
20240320;100205;295;340;9895310585;B
20240320;100205;295.02;720;9895310586;B
20240320;100205;295.02;560;9895310587;B
20240320;100205;295.02;320;9895310588;B
20240320;100205;295;10;9895310706;B
20240320;100207;295.02;50;9895310902;B
20240320;100208;295.02;10;9895311100;B
20240320;100208;295.01;120;9895311114;S
20240320;100208;295.01;220;9895311163;S
20240320;100208;295.01;280;9895311164;S
20240320;100209;295.02;940;9895311172;B
20240320;100209;295.02;60;9895311173;B
20240320;100210;295.01;100;9895311313;S
20240320;100212;295.02;10;9895311622;B
20240320;100212;295.02;1990;9895311623;B
20240320;100212;295.02;10;9895311710;B
20240320;100212;295.01;20;9895311754;S
20240320;100212;295.02;600;9895311790;B
20240320;100213;295.01;10;9895311877;S
20240320;100213;295.02;80;9895311973;B
20240320;100214;295.01;4000;9895311992;S
20240320;100214;295.02;100;9895312016;B
20240320;100214;295.01;10;9895312018;S
20240320;100214;295.02;20;9895312104;B
20240320;100214;295.02;710;9895312112;B
20240320;100214;295.02;290;9895312113;B
20240320;100214;295.01;100;9895312146;S
20240320;100214;295.02;70;9895312147;B
20240320;100215;295.01;100;9895312209;S
20240320;100216;295.01;100;9895312397;S
20240320;100216;295.01;260;9895312438;S
20240320;100218;295.01;100;9895312873;S
20240320;100219;295.02;10;9895313174;B
20240320;100220;295.02;10;9895313414;B
20240320;100220;295.02;100;9895313423;B
20240320;100220;295.01;300;9895313425;S
20240320;100220;295.02;10;9895313517;B
20240320;100220;295.02;5000;9895313591;B
20240320;100220;295.02;100;9895313599;B
20240320;100221;295.01;500;9895313740;S
20240320;100222;295.01;1000;9895313812;S
20240320;100222;295.02;190;9895313916;B
20240320;100222;295.02;210;9895313917;B
20240320;100223;295.01;380;9895313992;S
20240320;100223;295.02;10;9895314016;B
20240320;100223;295.02;120;9895314050;B
20240320;100224;295.02;100;9895314185;B
20240320;100224;295.02;10;9895314233;B
20240320;100225;295.02;30;9895314561;B
20240320;100226;295.02;10;9895314584;B
20240320;100226;295.02;600;9895314606;B
20240320;100227;295.01;220;9895314718;S
20240320;100227;295.02;1000;9895314719;B
20240320;100228;295.01;10;9895314919;S
20240320;100228;295.02;2010;9895314941;B
20240320;100228;295.02;380;9895314942;B
20240320;100228;295.02;200;9895314943;B
20240320;100228;295.02;30;9895315005;S
20240320;100228;295.02;100;9895315039;S
20240320;100229;295.03;3000;9895315131;B
20240320;100229;295.02;280;9895315181;S
20240320;100229;295.02;400;9895315182;S
20240320;100229;295.02;1020;9895315183;S
20240320;100229;295.02;340;9895315184;S
20240320;100229;295.02;70;9895315185;S
20240320;100230;295.03;50;9895315247;B
20240320;100230;295.03;2000;9895315286;B
20240320;100231;295.03;150;9895315407;B
20240320;100231;295.02;30;9895315429;S
20240320;100232;295.02;70;9895315505;S
20240320;100232;295.03;400;9895315545;B
20240320;100232;295.02;170;9895315562;S
20240320;100232;295.02;220;9895315614;S
20240320;100233;295.03;40;9895315681;B
20240320;100234;295.03;100;9895315847;B
20240320;100234;295.03;10;9895315853;B
20240320;100234;295.03;10;9895315863;B
20240320;100234;295.03;200;9895315958;B
20240320;100235;295.03;1000;9895315993;B
20240320;100235;295.03;100;9895316101;B
20240320;100235;295.02;800;9895316113;S
20240320;100235;295.02;400;9895316114;S
20240320;100235;295.02;300;9895316115;S
20240320;100236;295.02;170;9895316190;S
20240320;100236;295.02;100;9895316264;S
20240320;100237;295.03;10;9895316503;B
20240320;100239;295.03;930;9895316724;B
20240320;100239;295.05;10;9895316725;B
20240320;100239;295.05;60;9895316726;B
20240320;100239;295.05;100;9895316727;B
20240320;100240;295.13;10;9895316881;B
20240320;100240;295.13;20;9895316895;B
20240320;100240;295.1;50;9895316916;S
20240320;100240;295.11;30;9895316930;S
20240320;100240;295.1;20;9895316931;S
20240320;100240;295.1;300;9895316934;S
20240320;100240;295.13;100;9895316935;B
20240320;100240;295.13;100;9895316949;B
20240320;100240;295.1;30;9895317021;S
20240320;100240;295.07;1020;9895317022;S
20240320;100240;295.07;340;9895317023;S
20240320;100240;295.07;110;9895317024;S
20240320;100241;295.13;500;9895317061;B
20240320;100241;295.07;230;9895317074;S
20240320;100241;295.07;270;9895317075;S
20240320;100243;295.13;1000;9895317321;B
20240320;100244;295.09;300;9895317443;S
20240320;100244;295.09;10;9895317575;S
20240320;100245;295.14;500;9895317616;B
20240320;100245;295.14;20;9895317617;B
20240320;100245;295.17;980;9895317618;B
20240320;100245;295.16;630;9895317692;S
20240320;100245;295.16;400;9895317693;S
20240320;100245;295.15;470;9895317694;S
20240320;100246;295.18;500;9895317749;B
20240320;100246;295.18;30;9895317765;B
20240320;100246;295.18;130;9895317846;B
20240320;100246;295.18;100;9895317883;B
20240320;100246;295.18;100;9895317884;B
20240320;100246;295.18;100;9895317885;B
20240320;100247;295.19;1000;9895317924;B
20240320;100247;295.2;10;9895317987;B
20240320;100247;295.21;990;9895317988;B
20240320;100249;295.24;400;9895318328;S
20240320;100249;295.24;600;9895318329;S
20240320;100249;295.24;340;9895318384;S
20240320;100249;295.24;340;9895318385;S
20240320;100249;295.24;400;9895318386;S
20240320;100249;295.24;420;9895318387;S
20240320;100251;295.25;20;9895318918;B
20240320;100253;295.25;90;9895319199;B
20240320;100253;295.25;1010;9895319200;B
20240320;100253;295.28;50;9895319201;B
20240320;100253;295.3;1000;9895319202;B
20240320;100253;295.3;2000;9895319203;B
20240320;100253;295.31;260;9895319204;B
20240320;100253;295.32;2000;9895319205;B
20240320;100253;295.32;630;9895319206;B
20240320;100253;295.33;630;9895319207;B
20240320;100253;295.33;400;9895319208;B
20240320;100253;295.34;630;9895319209;B
20240320;100253;295.34;500;9895319210;B
20240320;100253;295.35;630;9895319211;B
20240320;100253;295.35;8000;9895319212;B
20240320;100253;295.36;630;9895319213;B
20240320;100253;295.36;2000;9895319214;B
20240320;100253;295.37;630;9895319215;B
20240320;100253;295.37;2000;9895319216;B
20240320;100253;295.38;630;9895319217;B
20240320;100253;295.38;800;9895319218;B
20240320;100253;295.39;2000;9895319219;B
20240320;100253;295.39;630;9895319220;B
20240320;100253;295.4;100;9895319221;B
20240320;100253;295.4;630;9895319222;B
20240320;100253;295.41;2280;9895319223;B
20240320;100253;295.41;630;9895319224;B
20240320;100253;295.41;8000;9895319225;B
20240320;100253;295.42;2000;9895319226;B
20240320;100253;295.45;20;9895319227;B
20240320;100253;295.45;2000;9895319228;B
20240320;100253;295.45;2000;9895319229;B
20240320;100253;295.47;10;9895319230;B
20240320;100253;295.48;180;9895319231;B
20240320;100253;295.41;300;9895319237;S
20240320;100253;295.49;10;9895319260;B
20240320;100253;295.46;100;9895319283;S
20240320;100253;295.46;500;9895319351;S
20240320;100253;295.46;400;9895319352;S
20240320;100253;295.45;200;9895319353;S
20240320;100253;295.44;170;9895319354;S
20240320;100253;295.44;200;9895319355;S
20240320;100253;295.44;520;9895319356;S
20240320;100254;295.44;10;9895319406;S
20240320;100254;295.45;400;9895319484;S
20240320;100254;295.44;1020;9895319485;S
20240320;100254;295.43;80;9895319486;S
20240320;100255;295.45;400;9895319787;S
20240320;100255;295.44;10;9895319788;S
20240320;100255;295.43;240;9895319789;S
20240320;100256;295.47;10;9895319929;B
20240320;100256;295.47;10;9895320028;B
20240320;100256;295.48;190;9895320029;B
20240320;100257;295.43;400;9895320083;S
20240320;100257;295.42;2600;9895320084;S
20240320;100257;295.46;10;9895320136;B
20240320;100257;295.48;190;9895320137;B
20240320;100258;295.41;1500;9895320260;S
20240320;100258;295.47;200;9895320280;B
20240320;100258;295.46;200;9895320357;B
20240320;100258;295.43;50;9895320371;S
20240320;100258;295.4;2000;9895320372;S
20240320;100258;295.39;630;9895320373;S
20240320;100258;295.39;800;9895320374;S
20240320;100258;295.38;630;9895320375;S
20240320;100258;295.38;400;9895320376;S
20240320;100258;295.37;490;9895320377;S
20240320;100259;295.44;30;9895320410;B
20240320;100259;295.44;200;9895320460;B
20240320;100259;295.44;170;9895320463;B
20240320;100259;295.45;20;9895320464;B
20240320;100300;295.44;200;9895320573;B
20240320;100300;295.43;100;9895320634;B
20240320;100300;295.42;400;9895320653;B
20240320;100300;295.43;100;9895320654;B
20240320;100300;295.37;20;9895320685;S
20240320;100301;295.37;30;9895320806;S
20240320;100301;295.36;630;9895320807;S
20240320;100301;295.36;40;9895320808;S
20240320;100301;295.33;210;9895320862;S
20240320;100302;295.32;10;9895321185;S
20240320;100302;295.3;630;9895321186;S
20240320;100302;295.29;630;9895321187;S
20240320;100302;295.29;230;9895321188;S
20240320;100303;295.27;30;9895321274;S
20240320;100304;295.33;10;9895321403;B
20240320;100304;295.27;400;9895321508;S
20240320;100306;295.31;630;9895321703;S
20240320;100306;295.3;60;9895321704;S
20240320;100306;295.3;310;9895321705;S
20240320;100306;295.37;10;9895321901;B
20240320;100306;295.33;630;9895321997;S
20240320;100306;295.33;870;9895321998;S
20240320;100310;295.38;10;9895322510;B
20240320;100310;295.38;200;9895322629;B
20240320;100310;295.34;60;9895322650;S
20240320;100310;295.33;10;9895322651;S
20240320;100310;295.32;60;9895322652;S
20240320;100310;295.31;630;9895322653;S
20240320;100310;295.31;740;9895322654;S
20240320;100310;295.31;100;9895322656;S
20240320;100310;295.31;30;9895322660;S
20240320;100311;295.31;100;9895322663;S
20240320;100311;295.38;20;9895322700;B
20240320;100315;295.32;50;9895323468;B
20240320;100315;295.32;50;9895323469;B
20240320;100315;295.32;10;9895323517;B
20240320;100316;295.32;10;9895323651;B
20240320;100316;295.32;1380;9895323658;B
20240320;100316;295.33;330;9895323659;B
20240320;100316;295.36;400;9895323660;B
20240320;100316;295.37;220;9895323661;B
20240320;100316;295.39;1020;9895323662;B
20240320;100316;295.39;340;9895323663;B
20240320;100316;295.39;340;9895323664;B
20240320;100316;295.39;630;9895323665;B
20240320;100316;295.4;630;9895323666;B
20240320;100316;295.4;10;9895323667;B
20240320;100316;295.4;500;9895323668;B
20240320;100316;295.4;4700;9895323669;B
20240320;100316;295.41;630;9895323670;B
20240320;100316;295.41;2000;9895323671;B
20240320;100316;295.42;120;9895323672;B
20240320;100316;295.42;630;9895323673;B
20240320;100316;295.43;630;9895323674;B
20240320;100316;295.44;2330;9895323675;B
20240320;100316;295.44;630;9895323676;B
20240320;100316;295.45;630;9895323677;B
20240320;100316;295.45;2000;9895323678;B
20240320;100316;295.45;500;9895323679;B
20240320;100316;295.45;8000;9895323680;B
20240320;100316;295.45;2000;9895323681;B
20240320;100316;295.45;1010;9895323682;B
20240320;100316;295.46;630;9895323683;B
20240320;100316;295.47;2000;9895323684;B
20240320;100316;295.47;630;9895323685;B
20240320;100316;295.48;8000;9895323686;B
20240320;100316;295.48;630;9895323687;B
20240320;100316;295.48;1000;9895323688;S
20240320;100316;295.48;300;9895323689;S
20240320;100316;295.48;500;9895323690;S
20240320;100316;295.48;4530;9895323691;S
20240320;100316;295.48;1000;9895323692;S
20240320;100316;295.48;4530;9895323693;S
20240320;100316;295.48;600;9895323694;S
20240320;100316;295.48;1840;9895323695;S
20240320;100316;295.48;300;9895323728;S
20240320;100316;295.49;10;9895323734;B
20240320;100318;295.49;40;9895323943;B
20240320;100318;295.5;20;9895323944;B
20240320;100318;295.5;110;9895323945;B
20240320;100318;295.49;10;9895323976;S
20240320;100319;295.49;10;9895324146;S
20240320;100320;295.5;190;9895324297;B
20240320;100320;295.5;20;9895324298;B
20240320;100320;295.5;200;9895324299;B
20240320;100320;295.54;20;9895324310;B
20240320;100320;295.51;400;9895324320;S
20240320;100320;295.51;100;9895324321;S
20240320;100320;295.54;300;9895324327;B
20240320;100320;295.51;400;9895324356;S
20240320;100320;295.5;90;9895324357;S
20240320;100320;295.5;400;9895324358;S
20240320;100320;295.49;520;9895324359;S
20240320;100320;295.49;90;9895324360;S
20240320;100321;295.54;20;9895324747;B
20240320;100321;295.54;10;9895324754;B
20240320;100322;295.51;10;9895324933;S
20240320;100324;295.52;520;9895325105;S
20240320;100324;295.52;400;9895325106;S
20240320;100324;295.5;520;9895325107;S
20240320;100324;295.5;340;9895325108;S
20240320;100324;295.49;630;9895325109;S
20240320;100324;295.49;10;9895325110;B
20240320;100325;295.49;600;9895325232;B
20240320;100325;295.48;50;9895325237;S
20240320;100325;295.49;340;9895325369;S
20240320;100325;295.49;1020;9895325370;S
20240320;100325;295.48;140;9895325371;S
20240320;100325;295.49;1020;9895325375;S
20240320;100325;295.48;960;9895325376;S
20240320;100326;295.5;10;9895325478;B
20240320;100326;295.56;110;9895325504;B
20240320;100327;295.56;320;9895325604;B
20240320;100329;295.5;50;9895325826;S
20240320;100329;295.55;30;9895325961;B
20240320;100330;295.5;40;9895326064;S
20240320;100330;295.5;100;9895326065;S
20240320;100331;295.54;100;9895326205;B
20240320;100331;295.5;920;9895326229;S
20240320;100331;295.49;10;9895326230;S
20240320;100331;295.49;570;9895326231;S
20240320;100332;295.55;150;9895326398;B
20240320;100333;295.51;30;9895326466;S
20240320;100334;295.51;10;9895326660;S
20240320;100334;295.5;1020;9895326661;S
20240320;100334;295.5;50;9895326662;S
20240320;100334;295.49;430;9895326663;S
20240320;100334;295.49;2260;9895326664;S
20240320;100334;295.49;630;9895326665;S
20240320;100334;295.49;600;9895326666;S
20240320;100335;295.56;240;9895326814;B
20240320;100336;295.54;710;9895326992;S
20240320;100336;295.54;290;9895327029;S
20240320;100336;295.51;630;9895327046;S
20240320;100336;295.51;870;9895327047;S
20240320;100337;295.56;500;9895327071;B
20240320;100337;295.56;10;9895327193;B
20240320;100338;295.51;10;9895327330;S
20240320;100338;295.56;50;9895327357;B
20240320;100339;295.56;10;9895327512;B
20240320;100340;295.56;160;9895327535;B
20240320;100340;295.57;40;9895327536;B
20240320;100340;295.57;20;9895327580;B
20240320;100340;295.51;100;9895327590;S
20240320;100340;295.57;10;9895327594;B
20240320;100340;295.57;80;9895327613;B
20240320;100340;295.57;20;9895327614;B
20240320;100340;295.57;130;9895327627;B
20240320;100340;295.57;400;9895327628;B
20240320;100340;295.58;420;9895327629;B
20240320;100340;295.59;100;9895327630;B
20240320;100340;295.59;630;9895327631;B
20240320;100340;295.6;580;9895327632;B
20240320;100340;295.6;500;9895327633;B
20240320;100340;295.6;630;9895327634;B
20240320;100340;295.61;50;9895327635;B
20240320;100340;295.61;10;9895327636;B
20240320;100340;295.61;630;9895327637;B
20240320;100340;295.61;520;9895327638;B
20240320;100340;295.62;630;9895327639;B
20240320;100340;295.62;300;9895327640;B
20240320;100340;295.63;630;9895327641;B
20240320;100340;295.63;500;9895327642;B
20240320;100340;295.63;3340;9895327643;B
20240320;100341;295.56;1020;9895327667;S
20240320;100341;295.56;400;9895327668;S
20240320;100341;295.55;80;9895327669;S
20240320;100341;295.62;10;9895327705;B
20240320;100341;295.56;20;9895327749;S
20240320;100342;295.63;50;9895327875;B
20240320;100342;295.63;1610;9895327876;B
20240320;100342;295.65;160;9895327877;B
20240320;100342;295.65;10;9895327878;B
20240320;100342;295.65;220;9895327879;B
20240320;100342;295.61;40;9895327895;S
20240320;100343;295.69;200;9895327938;B
20240320;100343;295.69;10;9895327955;B
20240320;100345;295.65;90;9895328207;S
20240320;100345;295.65;10;9895328208;S
20240320;100345;295.64;400;9895328209;S
20240320;100345;295.63;800;9895328210;S
20240320;100345;295.61;10;9895328211;S
20240320;100345;295.61;10;9895328212;S
20240320;100345;295.61;180;9895328213;S
20240320;100347;295.67;180;9895328511;B
20240320;100347;295.63;850;9895328569;S
20240320;100348;295.6;30;9895328644;S
20240320;100348;295.67;20;9895328665;B
20240320;100349;295.66;30;9895328793;B
20240320;100349;295.6;130;9895328819;S
20240320;100349;295.6;470;9895328915;S
20240320;100349;295.6;1030;9895328916;S
20240320;100350;295.65;260;9895329023;B
20240320;100350;295.66;240;9895329024;B
20240320;100350;295.6;970;9895329043;S
20240320;100350;295.6;630;9895329044;S
20240320;100350;295.59;300;9895329045;S
20240320;100350;295.65;170;9895329081;B
20240320;100351;295.6;10;9895329141;S
20240320;100352;295.6;1000;9895329297;S
20240320;100353;295.65;100;9895329519;B
20240320;100353;295.65;10;9895329528;B
20240320;100353;295.66;240;9895329529;B
20240320;100354;295.66;1020;9895329612;B
20240320;100354;295.66;340;9895329613;B
20240320;100354;295.66;10;9895329614;B
20240320;100354;295.6;990;9895329648;S
20240320;100354;295.6;400;9895329649;S
20240320;100355;295.6;110;9895329706;B
20240320;100355;295.63;400;9895329707;B
20240320;100355;295.64;1020;9895329708;B
20240320;100355;295.64;340;9895329709;B
20240320;100355;295.64;340;9895329710;B
20240320;100355;295.65;630;9895329711;B
20240320;100355;295.66;630;9895329712;B
20240320;100355;295.67;2300;9895329713;B
20240320;100355;295.67;630;9895329714;B
20240320;100355;295.68;2000;9895329715;B
20240320;100355;295.68;630;9895329716;B
20240320;100355;295.68;10;9895329717;B
20240320;100355;295.69;630;9895329718;B
20240320;100355;295.69;2000;9895329719;B
20240320;100355;295.7;5000;9895329720;B
20240320;100355;295.7;100;9895329721;B
20240320;100355;295.7;630;9895329722;B
20240320;100355;295.7;2000;9895329723;B
20240320;100355;295.72;10;9895329771;B
20240320;100355;295.72;400;9895329779;S
20240320;100355;295.72;100;9895329813;S
20240320;100356;295.74;50;9895329899;B
20240320;100356;295.74;40;9895329916;B
20240320;100356;295.72;750;9895329922;S
20240320;100356;295.71;250;9895329923;S
20240320;100356;295.74;10;9895330027;B
20240320;100357;295.71;400;9895330070;S
20240320;100357;295.7;9600;9895330071;S
20240320;100358;295.74;500;9895330186;B
20240320;100358;295.74;1020;9895330256;B
20240320;100358;295.74;340;9895330257;B
20240320;100358;295.75;140;9895330258;B
20240320;100358;295.72;90;9895330297;S
20240320;100358;295.7;1410;9895330298;S
20240320;100358;295.74;500;9895330313;B
20240320;100358;295.7;330;9895330321;S
20240320;100400;295.74;10;9895330430;B
20240320;100400;295.74;50;9895330486;B
20240320;100401;295.72;500;9895330565;S
20240320;100401;295.72;500;9895330566;S
20240320;100402;295.72;10;9895330735;B
20240320;100403;295.7;1500;9895330814;S
20240320;100403;295.72;260;9895330945;B
20240320;100404;295.72;10;9895330952;B
20240320;100404;295.7;350;9895330996;S
20240320;100405;295.7;70;9895331128;S
20240320;100405;295.72;10;9895331181;B
20240320;100407;295.71;40;9895331495;B
20240320;100407;295.72;340;9895331586;B
20240320;100407;295.71;960;9895331610;S
20240320;100408;295.71;10;9895331648;B
20240320;100409;295.71;20;9895331776;B
20240320;100410;295.7;1960;9895331874;S
20240320;100410;295.7;400;9895331875;S
20240320;100410;295.7;1500;9895331876;S
20240320;100410;295.71;10;9895331929;B
20240320;100410;295.71;630;9895331930;B
20240320;100410;295.71;560;9895331931;B
20240320;100410;295.71;10;9895331932;B
20240320;100411;295.71;330;9895332080;B
20240320;100411;295.71;340;9895332081;B
20240320;100411;295.71;330;9895332082;B
20240320;100411;295.7;100;9895332086;S
20240320;100411;295.71;170;9895332104;B
20240320;100411;295.71;30;9895332105;B
20240320;100411;295.7;3890;9895332134;S
20240320;100411;295.71;10;9895332186;B
20240320;100412;295.71;100;9895332251;B
20240320;100412;295.71;100;9895332284;B
20240320;100413;295.71;390;9895332447;B
20240320;100413;295.71;1020;9895332448;B
20240320;100413;295.71;340;9895332449;B
20240320;100413;295.72;630;9895332450;B
20240320;100413;295.72;150;9895332451;B
20240320;100413;295.72;100;9895332452;B
20240320;100413;295.73;630;9895332453;B
20240320;100413;295.73;10;9895332454;B
20240320;100413;295.73;20;9895332455;B
20240320;100413;295.73;400;9895332456;B
20240320;100413;295.74;20;9895332531;B
20240320;100413;295.73;50;9895332540;S
20240320;100413;295.73;80;9895332547;S
20240320;100413;295.74;10;9895332567;B
20240320;100413;295.74;10;9895332590;B
20240320;100414;295.74;10;9895332795;B
20240320;100416;295.73;1180;9895332969;S
20240320;100416;295.7;720;9895332970;S
20240320;100416;295.72;300;9895332973;B
20240320;100416;295.7;5500;9895333040;S
20240320;100417;295.71;100;9895333171;B
20240320;100417;295.7;10;9895333178;S
20240320;100418;295.71;70;9895333294;B
20240320;100418;295.7;2000;9895333304;S
20240320;100418;295.71;10;9895333367;B
20240320;100419;295.71;630;9895333528;B
20240320;100419;295.71;90;9895333529;B
20240320;100419;295.71;340;9895333530;B
20240320;100419;295.71;90;9895333531;B
20240320;100419;295.72;330;9895333532;B
20240320;100419;295.73;1020;9895333533;B
20240320;100419;295.73;630;9895333534;B
20240320;100419;295.73;10;9895333535;B
20240320;100419;295.73;400;9895333536;B
20240320;100419;295.74;580;9895333537;B
20240320;100419;295.74;1000;9895333538;B
20240320;100419;295.74;880;9895333539;B
20240320;100420;295.7;1260;9895333570;S
20240320;100420;295.7;9200;9895333571;S
20240320;100420;295.7;9540;9895333572;S
20240320;100420;295.7;20;9895333585;S
20240320;100421;295.71;10;9895333958;B
20240320;100421;295.7;2000;9895334029;S
20240320;100422;295.71;400;9895334120;B
20240320;100422;295.7;200;9895334140;S
20240320;100424;295.7;2000;9895334385;S
20240320;100424;295.71;610;9895334557;B
20240320;100424;295.71;400;9895334558;B
20240320;100424;295.71;630;9895334559;B
20240320;100424;295.71;340;9895334560;B
20240320;100424;295.71;340;9895334561;B
20240320;100424;295.72;630;9895334562;B
20240320;100424;295.72;500;9895334563;B
20240320;100424;295.73;630;9895334564;B
20240320;100424;295.74;620;9895334565;B
20240320;100424;295.74;1420;9895334566;B
20240320;100424;295.74;630;9895334567;B
20240320;100424;295.75;630;9895334568;B
20240320;100424;295.75;50;9895334569;B
20240320;100424;295.76;630;9895334570;B
20240320;100424;295.76;1010;9895334571;B
20240320;100424;295.77;630;9895334572;B
20240320;100424;295.78;2000;9895334573;B
20240320;100424;295.78;630;9895334574;B
20240320;100424;295.78;1500;9895334575;B
20240320;100424;295.78;2000;9895334576;B
20240320;100424;295.79;630;9895334577;B
20240320;100424;295.8;630;9895334578;B
20240320;100424;295.8;100;9895334579;B
20240320;100424;295.8;50;9895334580;B
20240320;100424;295.8;500;9895334581;B
20240320;100424;295.81;420;9895334582;B
20240320;100424;295.81;590;9895334583;B
20240320;100425;295.74;500;9895334627;B
20240320;100425;295.74;500;9895334644;B
20240320;100425;295.7;20;9895334708;S
20240320;100425;295.73;1020;9895334718;B
20240320;100425;295.73;400;9895334719;B
20240320;100425;295.74;340;9895334720;B
20240320;100425;295.74;320;9895334721;B
20240320;100425;295.74;210;9895334722;B
20240320;100426;295.73;20;9895334792;B
20240320;100426;295.74;420;9895334884;B
20240320;100426;295.74;1020;9895334885;B
20240320;100426;295.74;400;9895334886;B
20240320;100426;295.75;630;9895334887;B
20240320;100426;295.75;2530;9895334888;B
20240320;100427;295.74;10;9895335039;B
20240320;100427;295.74;10;9895335107;B
20240320;100427;295.77;150;9895335151;B
20240320;100428;295.77;370;9895335413;B
20240320;100428;295.73;20;9895335506;S
20240320;100428;295.77;100;9895335524;B
20240320;100428;295.73;10;9895335649;S
20240320;100429;295.81;20;9895335896;B
20240320;100430;295.75;100;9895336078;S
20240320;100430;295.79;10;9895336084;B
20240320;100430;295.79;100;9895336136;B
20240320;100431;295.78;1000;9895336226;S
20240320;100431;295.79;100;9895336267;B
20240320;100433;295.79;10;9895336585;B
20240320;100433;295.76;10;9895336675;S
20240320;100434;295.79;400;9895336721;B
20240320;100434;295.79;10;9895336742;B
20240320;100434;295.8;100;9895336743;B
20240320;100434;295.8;630;9895336744;B
20240320;100434;295.81;250;9895336745;B
20240320;100434;295.8;10;9895336825;B
20240320;100435;295.8;620;9895336996;B
20240320;100435;295.8;10;9895336997;B
20240320;100436;295.8;10;9895337117;B
20240320;100436;295.8;10;9895337121;B
20240320;100436;295.8;100;9895337163;B
20240320;100437;295.78;20;9895337225;S
20240320;100437;295.77;30;9895337226;S
20240320;100437;295.8;110;9895337274;B
20240320;100437;295.8;140;9895337292;B
20240320;100438;295.8;260;9895337413;B
20240320;100438;295.8;500;9895337414;B
20240320;100438;295.81;360;9895337415;B
20240320;100438;295.81;1380;9895337416;B
20240320;100438;295.78;400;9895337421;S
20240320;100438;295.77;60;9895337422;S
20240320;100438;295.75;340;9895337423;S
20240320;100438;295.75;340;9895337424;S
20240320;100438;295.75;1020;9895337425;S
20240320;100438;295.74;800;9895337426;S
20240320;100438;295.74;20;9895337427;S
20240320;100438;295.74;20;9895337428;S
20240320;100439;295.76;10;9895337522;S
20240320;100439;295.76;330;9895337527;S
20240320;100439;295.76;1020;9895337528;S
20240320;100439;295.75;340;9895337529;S
20240320;100439;295.75;400;9895337530;S
20240320;100439;295.74;800;9895337531;S
20240320;100439;295.73;200;9895337532;S
20240320;100439;295.72;20;9895337533;S
20240320;100439;295.72;2000;9895337534;S
20240320;100439;295.71;800;9895337535;S
20240320;100439;295.71;20;9895337536;S
20240320;100439;295.71;180;9895337537;S
20240320;100439;295.71;300;9895337538;S
20240320;100439;295.71;2000;9895337539;S
20240320;100439;295.7;16220;9895337540;S
20240320;100439;295.7;790;9895337541;S
20240320;100439;295.7;10;9895337542;S
20240320;100439;295.7;880;9895337543;S
20240320;100439;295.7;40;9895337544;S
20240320;100439;295.7;200;9895337545;S
20240320;100439;295.7;250;9895337546;S
20240320;100439;295.7;20;9895337547;S
20240320;100439;295.7;2000;9895337548;S
20240320;100439;295.7;10;9895337549;S
20240320;100439;295.7;40;9895337550;S
20240320;100439;295.7;10;9895337551;S
20240320;100439;295.7;10;9895337552;S
20240320;100439;295.7;2000;9895337553;S
20240320;100439;295.7;160;9895337554;S
20240320;100439;295.69;340;9895337555;S
20240320;100439;295.67;10;9895337564;S
20240320;100440;295.67;20;9895337761;S
20240320;100441;295.68;200;9895337832;B
20240320;100441;295.68;90;9895337833;B
20240320;100441;295.69;290;9895337834;B
20240320;100441;295.7;18950;9895337835;B
20240320;100441;295.7;630;9895337836;B
20240320;100441;295.7;500;9895337837;B
20240320;100441;295.7;400;9895337838;B
20240320;100441;295.71;630;9895337839;B
20240320;100441;295.72;630;9895337840;B
20240320;100441;295.73;630;9895337841;B
20240320;100441;295.74;630;9895337842;B
20240320;100441;295.75;630;9895337843;B
20240320;100441;295.76;630;9895337844;B
20240320;100441;295.76;8000;9895337845;B
20240320;100441;295.76;2000;9895337846;B
20240320;100441;295.77;630;9895337847;B
20240320;100441;295.78;630;9895337848;B
20240320;100441;295.79;2000;9895337849;B
20240320;100441;295.79;890;9895337850;B
20240320;100441;295.8;2000;9895337851;B
20240320;100441;295.81;120;9895337852;B
20240320;100441;295.81;20;9895337853;B
20240320;100441;295.83;2000;9895337854;B
20240320;100441;295.85;50;9895337855;B
20240320;100441;295.85;1000;9895337856;B
20240320;100441;295.85;1500;9895337857;B
20240320;100441;295.85;2000;9895337858;B
20240320;100441;295.86;140;9895337859;B
20240320;100441;295.86;2000;9895337860;B
20240320;100441;295.87;150;9895337861;B
20240320;100441;295.87;8000;9895337862;B
20240320;100441;295.87;1010;9895337863;B
20240320;100441;295.88;2000;9895337864;B
20240320;100441;295.88;2000;9895337865;B
20240320;100441;295.88;1500;9895337866;B
20240320;100441;295.89;160;9895337867;B
20240320;100441;295.89;190;9895337868;B
20240320;100441;295.9;10;9895337869;B
20240320;100441;295.9;2000;9895337870;B
20240320;100441;295.9;50;9895337871;B
20240320;100441;295.91;420;9895337872;B
20240320;100441;295.92;10;9895337873;B
20240320;100441;295.92;680;9895337874;B
20240320;100441;295.85;630;9895337939;B
20240320;100441;295.86;370;9895337940;B
20240320;100441;295.85;100;9895337981;B
20240320;100441;295.85;10;9895337989;B
20240320;100443;295.85;520;9895338277;B
20240320;100443;295.86;260;9895338278;B
20240320;100443;295.86;4530;9895338279;B
20240320;100443;295.87;630;9895338280;B
20240320;100443;295.88;630;9895338281;B
20240320;100443;295.88;2000;9895338282;B
20240320;100443;295.89;630;9895338283;B
20240320;100443;295.9;630;9895338284;B
20240320;100443;295.9;100;9895338285;S
20240320;100443;295.9;100;9895338286;S
20240320;100443;295.9;4530;9895338287;S
20240320;100443;295.91;100;9895338288;S
20240320;100443;295.9;440;9895338293;S
20240320;100443;295.88;30;9895338362;S
20240320;100443;295.88;770;9895338478;S
20240320;100443;295.88;230;9895338479;S
20240320;100444;295.89;20;9895338538;B
20240320;100444;295.88;20;9895338615;S
20240320;100444;295.89;100;9895338645;S
20240320;100444;295.89;400;9895338646;S
20240320;100445;295.89;400;9895338692;S
20240320;100445;295.89;470;9895338710;B
20240320;100445;295.89;530;9895338711;B
20240320;100445;295.9;10;9895338713;B
20240320;100445;295.9;100;9895338730;B
20240320;100445;295.88;800;9895338770;S
20240320;100445;295.88;390;9895338771;S
20240320;100445;295.87;1020;9895338772;S
20240320;100445;295.87;340;9895338773;S
20240320;100445;295.87;340;9895338774;S
20240320;100445;295.86;8000;9895338775;S
20240320;100445;295.81;500;9895338776;S
20240320;100445;295.81;610;9895338777;S
20240320;100446;295.88;700;9895338914;S
20240320;100448;295.9;520;9895339255;B
20240320;100448;295.91;630;9895339256;B
20240320;100448;295.91;630;9895339257;B
20240320;100448;295.92;6820;9895339258;B
20240320;100448;295.92;200;9895339259;B
20240320;100448;295.92;630;9895339260;B
20240320;100448;295.92;1500;9895339261;B
20240320;100448;295.92;2000;9895339262;B
20240320;100448;295.92;400;9895339263;B
20240320;100448;295.93;630;9895339264;B
20240320;100448;295.94;630;9895339265;B
20240320;100448;295.94;1010;9895339266;B
20240320;100448;295.95;50;9895339267;B
20240320;100448;295.95;450;9895339268;B
20240320;100448;295.97;20;9895339277;B
20240320;100448;295.95;10;9895339495;B
20240320;100450;295.93;10;9895339804;B
20240320;100450;295.94;20;9895339805;B
20240320;100450;295.95;150;9895339806;B
20240320;100450;295.95;40;9895339871;B
20240320;100450;295.95;10;9895339872;B
20240320;100450;295.98;10;9895339873;B
20240320;100450;295.98;10;9895339874;B
20240320;100450;295.98;40;9895339885;B
20240320;100450;295.98;80;9895339886;B
20240320;100450;295.94;1000;9895339896;B
20240320;100451;295.94;200;9895339961;B
20240320;100452;295.91;400;9895340122;S
20240320;100452;295.91;50;9895340133;B
20240320;100452;295.91;150;9895340138;B
20240320;100452;295.94;490;9895340139;B
20240320;100452;295.94;10;9895340146;B
20240320;100452;295.9;10;9895340168;S
20240320;100452;295.94;1300;9895340272;B
20240320;100452;295.95;1500;9895340307;B
20240320;100452;295.98;550;9895340308;B
20240320;100453;295.95;1020;9895340326;S
20240320;100453;295.95;240;9895340327;S
20240320;100453;295.95;340;9895340328;S
20240320;100453;295.94;370;9895340329;S
20240320;100453;295.95;10;9895340370;S
20240320;100453;295.98;500;9895340389;B
20240320;100453;295.98;870;9895340438;B
20240320;100453;295.99;15000;9895340439;B
20240320;100453;295.99;100;9895340440;B
20240320;100453;295.99;100;9895340441;B
20240320;100453;295.99;50;9895340442;B
20240320;100453;296;10;9895340443;B
20240320;100453;296;30;9895340444;B
20240320;100453;296;30;9895340445;B
20240320;100453;296;500;9895340446;B
20240320;100453;296;10;9895340447;B
20240320;100453;296;440;9895340448;B
20240320;100453;296;50;9895340449;B
20240320;100453;296;300;9895340450;B
20240320;100453;296;10000;9895340451;B
20240320;100453;296;10;9895340452;B
20240320;100453;296;10;9895340453;B
20240320;100453;296;60;9895340454;B
20240320;100453;296.01;420;9895340455;B
20240320;100453;296.01;630;9895340456;B
20240320;100453;296.02;630;9895340457;B
20240320;100453;296.03;2000;9895340458;B
20240320;100453;296.03;630;9895340459;B
20240320;100453;296.04;630;9895340460;B
20240320;100453;296.04;400;9895340461;B
20240320;100453;296.05;630;9895340462;B
20240320;100453;296.05;50;9895340463;B
20240320;100453;296.06;60;9895340464;B
20240320;100453;296.06;2000;9895340465;B
20240320;100453;296.06;630;9895340466;B
20240320;100453;296.06;500;9895340467;B
20240320;100453;296.07;630;9895340468;B
20240320;100453;296.07;8000;9895340469;B
20240320;100453;296.08;140;9895340470;B
20240320;100453;296.08;10;9895340471;B
20240320;100453;296.08;440;9895340472;B
20240320;100453;296.02;20;9895340482;S
20240320;100453;296.08;100;9895340487;B
20240320;100453;296.02;10;9895340503;S
20240320;100454;296.08;1000;9895340577;B
20240320;100454;296.08;160;9895340595;B
20240320;100454;296.08;850;9895340618;B
20240320;100454;296.09;500;9895340619;B
20240320;100454;296.09;30;9895340620;B
20240320;100454;296.09;630;9895340621;B
20240320;100454;296.1;10;9895340622;B
20240320;100454;296.1;10;9895340623;B
20240320;100454;296.1;1270;9895340624;B
20240320;100454;296.02;350;9895340626;S
20240320;100454;296.1;200;9895340682;B
20240320;100454;296.1;80;9895340696;B
20240320;100454;296.1;250;9895340723;B
20240320;100454;296.1;100;9895340728;B
20240320;100454;296.1;130;9895340764;B
20240320;100454;296.1;50;9895340765;B
20240320;100454;296.11;320;9895340766;B
20240320;100454;296.03;1020;9895340817;S
20240320;100454;296.03;630;9895340818;S
20240320;100454;296.02;470;9895340819;S
20240320;100455;296.09;630;9895340915;S
20240320;100455;296.08;870;9895340916;S
20240320;100455;296.11;100;9895340951;B
20240320;100455;296.15;50;9895340952;B
20240320;100455;296.17;150;9895340953;B
20240320;100455;296.18;1700;9895340954;B
20240320;100455;296.19;500;9895340972;B
20240320;100455;296.19;80;9895341015;B
20240320;100455;296.19;200;9895341024;B
20240320;100456;296.19;20;9895341259;B
20240320;100456;296.19;50;9895341274;B
20240320;100456;296.19;500;9895341278;B
20240320;100457;296.19;500;9895341281;B
20240320;100457;296.19;10;9895341301;B
20240320;100457;296.19;10;9895341312;B
20240320;100457;296.19;90;9895341321;B
20240320;100458;296.16;360;9895341568;S
20240320;100458;296.16;10;9895341709;S
20240320;100459;296.16;10;9895341850;S
20240320;100459;296.18;10;9895342269;B
20240320;100500;296.16;250;9895342316;S
20240320;100500;296.15;50;9895342317;S
20240320;100500;296.15;630;9895342318;S
20240320;100500;296.14;570;9895342319;S
20240320;100501;296.13;500;9895342643;S
20240320;100501;296.18;10;9895342707;B
20240320;100501;296.18;10;9895342734;B
20240320;100502;296.14;10;9895342960;B
20240320;100502;296.14;10;9895343040;B
20240320;100502;296.14;100;9895343049;B
20240320;100502;296.13;150;9895343062;S
20240320;100503;296.14;40;9895343337;B
20240320;100503;296.13;20;9895343338;S
20240320;100504;296.13;90;9895343402;B
20240320;100504;296.14;1240;9895343424;B
20240320;100504;296.14;20;9895343425;B
20240320;100504;296.14;600;9895343435;B
20240320;100504;296.14;390;9895343436;B
20240320;100504;296.13;630;9895343496;S
20240320;100504;296.13;870;9895343497;S
20240320;100505;296.14;310;9895343811;B
20240320;100505;296.15;1000;9895343812;B
20240320;100505;296.18;310;9895343813;B
20240320;100505;296.18;100;9895343814;B
20240320;100505;296.18;850;9895343815;B
20240320;100505;296.13;500;9895343819;S
20240320;100505;296.18;10;9895343824;B
20240320;100505;296.18;190;9895343825;B
20240320;100506;296.14;700;9895343872;B
20240320;100506;296.17;20;9895343905;B
20240320;100506;296.18;480;9895343906;B
20240320;100506;296.13;10;9895344037;S
20240320;100507;296.18;540;9895344082;B
20240320;100507;296.18;340;9895344083;B
20240320;100507;296.19;80;9895344090;B
20240320;100507;296.19;3590;9895344091;B
20240320;100507;296.19;1250;9895344092;B
20240320;100507;296.19;3370;9895344245;B
20240320;100508;296.19;500;9895344332;B
20240320;100508;296.18;10;9895344397;S
20240320;100508;296.18;390;9895344427;S
20240320;100508;296.18;110;9895344428;S
20240320;100508;296.18;520;9895344473;S
20240320;100508;296.18;980;9895344474;S
20240320;100508;296.19;570;9895344498;B
20240320;100508;296.19;10;9895344502;B
20240320;100509;296.18;50;9895344667;S
20240320;100509;296.19;3560;9895344733;B
20240320;100509;296.19;110;9895344734;B
20240320;100509;296.19;660;9895344735;B
20240320;100509;296.2;300;9895344736;B
20240320;100509;296.2;50;9895344737;B
20240320;100509;296.2;20;9895344738;B
20240320;100509;296.21;30;9895344805;B
20240320;100510;296.21;160;9895344867;B
20240320;100510;296.2;500;9895345017;S
20240320;100511;296.2;130;9895345193;S
20240320;100511;296.2;2000;9895345194;S
20240320;100511;296.2;340;9895345195;S
20240320;100511;296.2;500;9895345196;S
20240320;100511;296.19;630;9895345197;S
20240320;100511;296.19;500;9895345198;S
20240320;100511;296.19;340;9895345199;S
20240320;100511;296.18;630;9895345200;S
20240320;100511;296.18;2000;9895345201;S
20240320;100511;296.18;1380;9895345202;S
20240320;100511;296.18;10;9895345203;S
20240320;100511;296.17;630;9895345204;S
20240320;100511;296.17;2000;9895345205;S
20240320;100511;296.16;630;9895345206;S
20240320;100511;296.15;630;9895345207;S
20240320;100511;296.15;750;9895345208;S
20240320;100511;296.15;1010;9895345209;S
20240320;100511;296.15;1000;9895345210;S
20240320;100511;296.14;630;9895345211;S
20240320;100511;296.14;750;9895345212;S
20240320;100511;296.14;2000;9895345213;S
20240320;100511;296.14;10;9895345214;S
20240320;100511;296.13;630;9895345215;S
20240320;100511;296.13;20;9895345216;S
20240320;100511;296.13;10000;9895345217;S
20240320;100511;296.13;750;9895345218;S
20240320;100511;296.13;800;9895345219;S
20240320;100511;296.12;630;9895345220;S
20240320;100511;296.12;750;9895345221;S
20240320;100511;296.11;630;9895345222;S
20240320;100511;296.11;2000;9895345223;S
20240320;100511;296.11;750;9895345224;S
20240320;100511;296.11;8000;9895345225;S
20240320;100511;296.1;10;9895345226;S
20240320;100511;296.1;6530;9895345227;S
20240320;100512;296.17;20;9895345304;B
20240320;100512;296.17;380;9895345307;B
20240320;100512;296.18;120;9895345308;B
20240320;100512;296.11;500;9895345310;S
20240320;100513;296.15;20;9895345572;B
20240320;100513;296.13;100;9895345760;B
20240320;100513;296.11;500;9895345771;S
20240320;100514;296.13;10;9895345794;B
20240320;100515;296.13;10;9895346078;B
20240320;100515;296.13;500;9895346124;B
20240320;100515;296.11;500;9895346125;S
20240320;100515;296.13;10;9895346183;B
20240320;100515;296.11;500;9895346185;S
20240320;100515;296.13;10;9895346186;B
20240320;100515;296.13;860;9895346209;B
20240320;100515;296.17;340;9895346210;B
20240320;100515;296.17;300;9895346211;B
20240320;100515;296.17;40;9895346219;B
20240320;100515;296.17;30;9895346220;B
20240320;100515;296.17;430;9895346221;B
20240320;100515;296.11;80;9895346255;S
20240320;100516;296.17;10;9895346257;B
20240320;100516;296.11;500;9895346263;S
20240320;100516;296.11;500;9895346368;S
20240320;100517;296.11;920;9895346457;S
20240320;100517;296.1;4080;9895346458;S
20240320;100517;296.13;10;9895346532;B
20240320;100517;296.11;500;9895346535;S
20240320;100517;296.11;1500;9895346612;S
20240320;100517;296.1;500;9895346613;S
20240320;100517;296.12;10;9895346614;B
20240320;100517;296.14;400;9895346668;B
20240320;100518;296.11;500;9895346827;S
20240320;100518;296.12;10;9895346891;B
20240320;100518;296.13;660;9895346892;B
20240320;100518;296.13;330;9895346893;B
20240320;100518;296.15;40;9895346917;B
20240320;100518;296.11;500;9895346995;S
20240320;100519;296.15;340;9895347147;B
20240320;100519;296.15;1020;9895347148;B
20240320;100519;296.15;340;9895347149;B
20240320;100519;296.15;400;9895347150;B
20240320;100519;296.15;400;9895347151;B
20240320;100520;296.15;500;9895347213;S
20240320;100520;296.15;300;9895347309;S
20240320;100520;296.16;1500;9895347318;B
20240320;100520;296.16;400;9895347319;B
20240320;100520;296.16;340;9895347320;B
20240320;100520;296.16;1730;9895347321;B
20240320;100520;296.16;1020;9895347322;B
20240320;100520;296.16;20;9895347323;B
20240320;100520;296.16;340;9895347324;B
20240320;100520;296.17;20;9895347325;B
20240320;100520;296.18;2850;9895347326;B
20240320;100520;296.19;630;9895347327;B
20240320;100520;296.19;20;9895347328;B
20240320;100520;296.19;10;9895347329;B
20240320;100520;296.19;100;9895347330;B
20240320;100520;296.19;750;9895347331;B
20240320;100520;296.19;780;9895347332;B
20240320;100520;296.2;630;9895347333;B
20240320;100520;296.2;100;9895347334;B
20240320;100520;296.2;21530;9895347335;B
20240320;100520;296.2;750;9895347336;B
20240320;100520;296.21;230;9895347337;B
20240320;100520;296.21;10;9895347338;B
20240320;100520;296.21;20;9895347339;B
20240320;100520;296.21;630;9895347340;B
20240320;100520;296.21;750;9895347341;B
20240320;100520;296.21;800;9895347342;B
20240320;100520;296.22;20;9895347343;B
20240320;100520;296.22;630;9895347344;B
20240320;100520;296.22;750;9895347345;B
20240320;100520;296.22;500;9895347346;B
20240320;100520;296.23;630;9895347347;B
20240320;100520;296.23;750;9895347348;B
20240320;100520;296.24;20;9895347349;B
20240320;100520;296.24;630;9895347350;B
20240320;100520;296.24;750;9895347351;B
20240320;100520;296.24;1000;9895347352;B
20240320;100520;296.24;2000;9895347353;B
20240320;100520;296.25;630;9895347354;B
20240320;100520;296.25;750;9895347355;B
20240320;100520;296.25;10;9895347356;B
20240320;100520;296.26;10;9895347357;B
20240320;100520;296.26;750;9895347358;B
20240320;100520;296.26;630;9895347359;B
20240320;100520;296.27;500;9895347360;B
20240320;100520;296.27;750;9895347361;B
20240320;100520;296.27;8000;9895347362;B
20240320;100520;296.27;2000;9895347363;B
20240320;100520;296.27;800;9895347364;B
20240320;100520;296.27;1010;9895347365;B
20240320;100520;296.27;520;9895347366;B
20240320;100521;296.27;50;9895347482;B
20240320;100521;296.27;30;9895347566;B
20240320;100521;296.24;400;9895347607;S
20240320;100521;296.24;630;9895347608;S
20240320;100521;296.23;3970;9895347609;S
20240320;100521;296.24;500;9895347618;S
20240320;100522;296.23;350;9895347744;S
20240320;100522;296.27;20;9895347829;B
20240320;100522;296.27;920;9895347841;B
20240320;100522;296.27;340;9895347842;B
20240320;100522;296.27;340;9895347843;B
20240320;100523;296.28;10;9895347871;B
20240320;100523;296.28;60;9895347872;B
20240320;100523;296.28;380;9895347873;B
20240320;100523;296.28;340;9895347874;B
20240320;100523;296.29;100;9895347875;B
20240320;100523;296.29;100;9895347876;B
20240320;100523;296.29;20;9895347877;B
20240320;100523;296.29;1000;9895347878;B
20240320;100523;296.3;10;9895347879;B
20240320;100523;296.3;140;9895347880;B
20240320;100523;296.3;10;9895347881;B
20240320;100523;296.3;650;9895347882;B
20240320;100523;296.31;420;9895347883;B
20240320;100523;296.31;90;9895347884;B
20240320;100523;296.26;400;9895347886;S
20240320;100523;296.25;800;9895347887;S
20240320;100523;296.25;300;9895347888;S
20240320;100523;296.32;1020;9895347945;B
20240320;100523;296.32;340;9895347946;B
20240320;100523;296.32;130;9895347947;B
20240320;100523;296.32;1020;9895347948;B
20240320;100523;296.3;230;9895347955;B
20240320;100523;296.32;1020;9895347956;B
20240320;100523;296.34;400;9895347988;B
20240320;100523;296.34;400;9895347990;B
20240320;100523;296.31;20;9895348084;B
20240320;100523;296.35;1350;9895348089;B
20240320;100523;296.35;2000;9895348090;B
20240320;100523;296.35;160;9895348091;B
20240320;100523;296.37;10;9895348134;B
20240320;100523;296.38;50;9895348159;B
20240320;100523;296.38;630;9895348160;B
20240320;100523;296.39;500;9895348161;B
20240320;100523;296.39;120;9895348162;B
20240320;100523;296.33;130;9895348199;S
20240320;100523;296.39;2880;9895348222;B
20240320;100523;296.39;420;9895348223;B
20240320;100524;296.39;10;9895348303;B
20240320;100524;296.4;200;9895348304;B
20240320;100524;296.4;30;9895348305;B
20240320;100524;296.4;200;9895348306;B
20240320;100524;296.4;630;9895348307;B
20240320;100524;296.41;420;9895348308;B
20240320;100524;296.41;630;9895348309;B
20240320;100524;296.42;100;9895348310;B
20240320;100524;296.42;280;9895348311;B
20240320;100524;296.35;100;9895348358;S
20240320;100524;296.35;300;9895348394;S
20240320;100524;296.35;10;9895348395;S
20240320;100524;296.34;1020;9895348396;S
20240320;100524;296.34;170;9895348397;S
20240320;100524;296.35;400;9895348477;S
20240320;100524;296.34;100;9895348478;S
20240320;100524;296.42;200;9895348487;B
20240320;100525;296.35;400;9895348527;S
20240320;100525;296.34;110;9895348528;S
20240320;100525;296.4;210;9895348532;B
20240320;100525;296.42;520;9895348533;B
20240320;100525;296.42;160;9895348534;B
20240320;100525;296.42;270;9895348535;B
20240320;100525;296.35;400;9895348554;S
20240320;100525;296.34;100;9895348555;S
20240320;100525;296.42;160;9895348613;B
20240320;100525;296.42;10;9895348678;B
20240320;100526;296.42;500;9895348956;B
20240320;100526;296.34;1020;9895349068;S
20240320;100526;296.34;340;9895349069;S
20240320;100526;296.33;140;9895349070;S
20240320;100527;296.41;10;9895349100;B
20240320;100527;296.42;30;9895349101;B
20240320;100527;296.42;1460;9895349124;B
20240320;100527;296.42;50;9895349125;B
20240320;100527;296.42;630;9895349126;B
20240320;100527;296.42;70;9895349127;B
20240320;100527;296.42;400;9895349128;B
20240320;100527;296.43;200;9895349129;B
20240320;100527;296.43;310;9895349130;B
20240320;100527;296.43;630;9895349131;B
20240320;100527;296.44;10;9895349132;B
20240320;100527;296.44;1300;9895349133;B
20240320;100527;296.44;2000;9895349134;B
20240320;100527;296.44;630;9895349135;B
20240320;100527;296.45;4310;9895349136;B
20240320;100527;296.45;90;9895349154;B
20240320;100528;296.44;10;9895349406;B
20240320;100528;296.42;400;9895349426;S
20240320;100528;296.41;100;9895349427;S
20240320;100528;296.44;70;9895349479;B
20240320;100528;296.45;40;9895349531;B
20240320;100528;296.45;60;9895349537;B
20240320;100528;296.45;1000;9895349538;B
20240320;100528;296.47;250;9895349560;B
20240320;100529;296.48;500;9895349658;B
20240320;100529;296.48;600;9895349659;B
20240320;100529;296.48;20;9895349660;B
20240320;100529;296.48;1000;9895349661;B
20240320;100529;296.48;400;9895349662;B
20240320;100529;296.49;100;9895349669;B
20240320;100529;296.49;860;9895349670;B
20240320;100529;296.46;10;9895349676;S
20240320;100529;296.49;1140;9895349691;B
20240320;100529;296.5;210;9895349692;B
20240320;100529;296.5;10;9895349693;B
20240320;100529;296.5;10;9895349694;B
20240320;100529;296.5;1000;9895349695;B
20240320;100529;296.5;70;9895349696;B
20240320;100529;296.5;10;9895349697;B
20240320;100529;296.5;100;9895349698;B
20240320;100529;296.5;60;9895349699;B
20240320;100529;296.5;200;9895349700;B
20240320;100529;296.5;380;9895349701;B
20240320;100529;296.45;400;9895349772;S
20240320;100529;296.44;340;9895349773;S
20240320;100529;296.44;800;9895349774;S
20240320;100529;296.43;800;9895349775;S
20240320;100529;296.43;2660;9895349776;S
20240320;100531;296.46;240;9895350263;S
20240320;100531;296.47;1010;9895350314;B
20240320;100531;296.48;300;9895350315;B
20240320;100531;296.49;10;9895350316;B
20240320;100531;296.49;1400;9895350317;B
20240320;100531;296.5;1210;9895350318;B
20240320;100531;296.46;170;9895350370;S
20240320;100531;296.45;100;9895350371;S
20240320;100531;296.45;1230;9895350372;S
20240320;100532;296.45;1000;9895350516;S
20240320;100532;296.49;470;9895350594;B
20240320;100532;296.5;130;9895350663;B
20240320;100532;296.5;110;9895350664;B
20240320;100532;296.5;1890;9895350665;B
20240320;100533;296.5;470;9895350764;B
20240320;100534;296.46;500;9895350924;S
20240320;100534;296.51;10;9895350977;B
20240320;100534;296.46;10;9895350980;S
20240320;100535;296.48;10;9895351205;S
20240320;100535;296.45;1990;9895351206;S
20240320;100535;296.45;1500;9895351297;S
20240320;100536;296.45;300;9895351424;S
20240320;100536;296.45;500;9895351489;S
20240320;100537;296.46;50;9895351761;B
20240320;100538;296.46;350;9895351853;B
20240320;100538;296.46;590;9895351854;B
20240320;100538;296.47;40;9895351874;B
20240320;100538;296.45;10;9895352012;S
20240320;100538;296.45;500;9895352067;S
20240320;100539;296.45;2970;9895352282;S
20240320;100539;296.45;460;9895352283;S
20240320;100539;296.45;80;9895352284;S
20240320;100539;296.44;770;9895352285;S
20240320;100539;296.44;130;9895352286;S
20240320;100539;296.43;800;9895352287;S
20240320;100539;296.43;1090;9895352288;S
20240320;100539;296.43;170;9895352289;S
20240320;100539;296.43;10;9895352290;S
20240320;100539;296.42;1400;9895352291;S
20240320;100539;296.42;220;9895352292;S
20240320;100539;296.42;100;9895352293;S
20240320;100539;296.42;400;9895352294;S
20240320;100539;296.41;280;9895352295;S
20240320;100539;296.41;1120;9895352296;S
20240320;100539;296.43;10;9895352298;B
20240320;100539;296.41;10;9895352299;S
20240320;100540;296.42;10;9895352386;B
20240320;100540;296.41;200;9895352475;S
20240320;100540;296.41;270;9895352476;S
20240320;100540;296.4;640;9895352477;S
20240320;100540;296.4;10;9895352478;S
20240320;100540;296.39;380;9895352479;S
20240320;100540;296.39;520;9895352491;S
20240320;100540;296.39;1010;9895352492;S
20240320;100540;296.36;260;9895352493;S
20240320;100541;296.38;30;9895352591;B
20240320;100541;296.38;300;9895352651;B
20240320;100541;296.38;70;9895352704;B
20240320;100541;296.39;90;9895352705;B
20240320;100541;296.35;500;9895352716;S
20240320;100541;296.35;500;9895352755;S
20240320;100542;296.35;20;9895352827;B
20240320;100542;296.31;430;9895352835;S
20240320;100542;296.35;1000;9895352922;B
20240320;100542;296.31;30;9895352944;S
20240320;100542;296.33;10;9895352979;B
20240320;100543;296.37;160;9895353166;B
20240320;100544;296.37;10;9895353221;B
