<DATE>;<TIME>;<LAST>;<VOL>;<ID>;<OPER>
20240327;095943;294.47;30;9949979569;S
20240327;095943;294.47;30;9949979570;S
20240327;095943;294.47;10;9949979571;S
20240327;095943;294.47;20;9949979572;S
20240327;095943;294.47;30;9949979573;S
20240327;095943;294.47;20;9949979574;S
20240327;095943;294.47;10;9949979575;S
20240327;095943;294.47;20;9949979576;S
20240327;095943;294.47;30;9949979577;S
20240327;095943;294.47;300;9949979578;S
20240327;095943;294.47;40;9949979579;S
20240327;095943;294.47;10;9949979580;S
20240327;095943;294.47;10;9949979581;S
20240327;095943;294.47;10;9949979582;S
20240327;095943;294.47;150;9949979583;S
20240327;095943;294.47;1000;9949979584;S
20240327;095943;294.47;10;9949979585;S
20240327;095943;294.47;40;9949979586;S
20240327;095943;294.47;550;9949979587;S
20240327;095943;294.47;210;9949979588;S
20240327;095943;294.47;50;9949979589;S
20240327;095943;294.47;400;9949979590;S
20240327;095943;294.47;40;9949979591;S
20240327;095943;294.47;10;9949979592;S
20240327;095943;294.47;10;9949979593;S
20240327;095943;294.47;100;9949979594;S
20240327;095943;294.47;10;9949979595;S
20240327;095943;294.47;10;9949979596;S
20240327;095943;294.47;170;9949979597;S
20240327;095943;294.47;10;9949979598;B
20240327;095943;294.47;10;9949979599;B
20240327;095943;294.47;10;9949979600;B
20240327;095943;294.47;40;9949979601;B
20240327;095943;294.47;70;9949979602;B
20240327;095943;294.47;460;9949979603;B
20240327;095943;294.47;20;9949979604;B
20240327;095943;294.47;20;9949979605;B
20240327;095943;294.47;10;9949979606;B
20240327;095943;294.47;20;9949979607;B
20240327;095943;294.47;20;9949979608;B
20240327;095943;294.47;80;9949979609;B
20240327;095943;294.47;60;9949979610;B
20240327;095943;294.47;10;9949979611;B
20240327;095943;294.47;10;9949979612;B
20240327;095943;294.47;10;9949979613;B
20240327;095943;294.47;10;9949979614;B
20240327;095943;294.47;10;9949979615;B
20240327;095943;294.47;10;9949979616;B
20240327;095943;294.47;10;9949979617;B
20240327;095943;294.47;10;9949979618;B
20240327;095943;294.47;10;9949979619;B
20240327;095943;294.47;10;9949979620;B
20240327;095943;294.47;10;9949979621;B
20240327;095943;294.47;10;9949979622;B
20240327;095943;294.47;190;9949979623;B
20240327;095943;294.47;160;9949979624;B
20240327;095943;294.47;10;9949979625;B
20240327;095943;294.47;10;9949979626;B
20240327;095943;294.47;270;9949979627;B
20240327;095943;294.47;10;9949979628;B
20240327;095943;294.47;10;9949979629;B
20240327;095943;294.47;30;9949979630;B
20240327;095943;294.47;100;9949979631;B
20240327;095943;294.47;10;9949979632;B
20240327;095943;294.47;60;9949979633;B
20240327;095943;294.47;10;9949979634;B
20240327;095943;294.47;10;9949979635;B
20240327;095943;294.47;20;9949979636;B
20240327;095943;294.47;20;9949979637;B
20240327;095943;294.47;10;9949979638;B
20240327;095943;294.47;20;9949979639;B
20240327;095943;294.47;10;9949979640;S
20240327;095943;294.47;30;9949979641;B
20240327;095943;294.47;30;9949979642;B
20240327;095943;294.47;70;9949979643;S
20240327;095943;294.47;30;9949979644;B
20240327;095943;294.47;10;9949979645;B
20240327;095943;294.47;10;9949979646;B
20240327;095943;294.47;20;9949979647;B
20240327;095943;294.47;10;9949979648;S
20240327;095943;294.47;10;9949979649;B
20240327;095943;294.47;10;9949979650;B
20240327;095943;294.47;20;9949979651;B
20240327;095943;294.47;20;9949979652;B
20240327;095943;294.47;50;9949979653;S
20240327;095943;294.47;80;9949979654;B
20240327;095943;294.47;20;9949979655;B
20240327;095943;294.47;980;9949979656;B
20240327;095943;294.47;100;9949979657;S
20240327;095943;294.47;10;9949979658;S
20240327;095943;294.47;10;9949979659;S
20240327;095943;294.47;10;9949979660;B
20240327;095943;294.47;10;9949979661;B
20240327;095943;294.47;320;9949979662;B
20240327;095943;294.47;500;9949979663;B
20240327;095943;294.47;20;9949979664;B
20240327;095943;294.47;500;9949979665;S
20240327;095943;294.47;2540;9949979666;B
20240327;095943;294.47;10;9949979667;B
20240327;095943;294.47;20;9949979668;B
20240327;095943;294.47;1060;9949979669;B
20240327;095943;294.47;1000;9949979670;S
20240327;095943;294.47;50;9949979671;B
20240327;095943;294.47;30;9949979672;B
20240327;095943;294.47;1000;9949979673;B
20240327;095943;294.47;1000;9949979674;B
20240327;095943;294.47;270;9949979675;B
20240327;095943;294.47;10;9949979676;B
20240327;095943;294.47;1000;9949979677;B
20240327;095943;294.47;1000;9949979678;B
20240327;095943;294.47;500;9949979679;B
20240327;095943;294.47;10;9949979680;S
20240327;095943;294.47;500;9949979681;B
20240327;095943;294.47;500;9949979682;B
20240327;095943;294.47;1000;9949979683;B
20240327;095943;294.47;50;9949979684;S
20240327;095943;294.47;1000;9949979685;B
20240327;095943;294.47;50;9949979686;S
20240327;095943;294.47;1000;9949979687;B
20240327;095943;294.47;1000;9949979688;B
20240327;095943;294.47;50;9949979689;S
20240327;095943;294.47;1000;9949979690;B
20240327;095943;294.47;1000;9949979691;B
20240327;095943;294.47;2000;9949979692;B
20240327;095943;294.47;1350;9949979693;B
20240327;095943;294.47;50;9949979694;B
20240327;095943;294.47;200;9949979695;B
20240327;100000;294.45;10;9949984339;B
20240327;100000;294.44;10;9949984554;B
20240327;100001;294.43;370;9949984968;B
20240327;100001;294.42;10;9949985246;S
20240327;100001;294.4;10;9949985247;S
20240327;100001;294.39;420;9949985248;S
20240327;100001;294.38;10;9949985553;B
20240327;100002;294.38;350;9949985764;B
20240327;100002;294.39;1040;9949985765;B
20240327;100002;294.31;100;9949985942;S
20240327;100002;294.31;100;9949986090;S
20240327;100002;294.38;10;9949986258;B
20240327;100002;294.38;10;9949986264;B
20240327;100003;294.31;1000;9949986482;S
20240327;100003;294.31;500;9949986555;S
20240327;100003;294.31;700;9949986776;S
20240327;100004;294.31;60;9949986913;S
20240327;100004;294.31;100;9949987080;S
20240327;100004;294.31;10;9949987081;S
20240327;100004;294.31;80;9949987082;S
20240327;100004;294.36;10;9949987083;B
20240327;100004;294.36;10;9949987084;B
20240327;100004;294.31;20;9949987481;S
20240327;100004;294.31;10;9949987482;S
20240327;100004;294.35;10;9949987651;B
20240327;100005;294.33;20;9949987899;S
20240327;100005;294.37;10;9949987969;B
20240327;100005;294.38;100;9949988061;B
20240327;100005;294.38;40;9949988089;B
20240327;100005;294.33;90;9949988125;S
20240327;100005;294.33;10;9949988156;S
20240327;100005;294.38;210;9949988162;B
20240327;100005;294.39;10;9949988163;B
20240327;100005;294.38;10;9949988188;B
20240327;100006;294.31;100;9949988695;S
20240327;100006;294.31;10;9949988702;S
20240327;100006;294.38;10;9949988707;B
20240327;100006;294.38;10;9949988750;B
20240327;100006;294.38;320;9949988753;B
20240327;100006;294.39;30;9949988754;B
20240327;100006;294.38;20;9949988876;B
20240327;100006;294.38;10;9949988878;B
20240327;100006;294.38;10;9949988885;B
20240327;100006;294.33;40;9949989364;S
20240327;100006;294.38;30;9949989367;B
20240327;100006;294.33;10;9949989374;S
20240327;100006;294.38;10;9949989378;B
20240327;100006;294.33;10;9949989384;S
20240327;100006;294.38;20;9949989531;B
20240327;100006;294.38;10;9949989538;B
20240327;100006;294.38;30;9949989544;B
20240327;100006;294.38;20;9949989888;B
20240327;100006;294.38;20;9949989890;B
20240327;100006;294.39;30;9949989949;B
20240327;100006;294.33;10;9949989951;S
20240327;100006;294.39;10;9949989952;B
20240327;100006;294.39;10;9949990251;B
20240327;100006;294.39;10;9949990281;B
20240327;100006;294.33;20;9949990282;S
20240327;100007;294.39;10;9949990410;B
20240327;100007;294.39;10;9949990412;B
20240327;100007;294.33;10;9949990414;S
20240327;100007;294.33;10;9949990419;S
20240327;100007;294.39;10;9949990421;B
20240327;100007;294.39;90;9949990469;B
20240327;100007;294.39;10;9949990803;B
20240327;100007;294.39;10;9949990804;B
20240327;100007;294.39;10;9949990805;B
20240327;100007;294.33;200;9949990807;S
20240327;100007;294.31;10;9949991068;S
20240327;100007;294.38;30;9949991074;B
20240327;100007;294.38;10;9949991077;B
20240327;100007;294.38;10;9949991079;B
20240327;100007;294.38;90;9949991243;B
20240327;100007;294.31;50;9949991351;S
20240327;100007;294.35;20;9949991700;S
20240327;100007;294.35;40;9949991771;S
20240327;100007;294.39;10;9949991774;B
20240327;100007;294.35;10;9949991843;S
20240327;100007;294.39;10;9949991845;B
20240327;100007;294.39;90;9949991849;B
20240327;100008;294.35;30;9949992273;S
20240327;100009;294.39;330;9949992417;B
20240327;100010;294.39;10;9949992563;B
20240327;100010;294.38;100;9949992622;B
20240327;100010;294.39;70;9949992623;B
20240327;100010;294.39;60;9949992655;B
20240327;100010;294.36;910;9949992668;S
20240327;100010;294.36;420;9949992669;S
20240327;100010;294.36;400;9949992670;S
20240327;100010;294.35;100;9949992671;S
20240327;100010;294.35;420;9949992672;S
20240327;100010;294.35;100;9949992673;S
20240327;100010;294.34;170;9949992674;S
20240327;100010;294.39;150;9949992694;B
20240327;100010;294.39;740;9949992713;B
20240327;100010;294.39;600;9949992763;B
20240327;100010;294.44;20;9949992764;B
20240327;100010;294.46;110;9949992765;B
20240327;100010;294.44;500;9949992797;S
20240327;100010;294.44;410;9949992798;S
20240327;100010;294.34;100;9949992804;S
20240327;100010;294.34;100;9949992806;S
20240327;100010;294.34;50;9949992807;S
20240327;100010;294.34;50;9949992808;S
20240327;100010;294.35;150;9949992896;B
20240327;100010;294.34;10;9949992942;S
20240327;100010;294.35;330;9949992980;B
20240327;100011;294.34;850;9949993044;S
20240327;100011;294.34;150;9949993045;S
20240327;100011;294.34;110;9949993046;S
20240327;100011;294.43;100;9949993077;B
20240327;100011;294.34;160;9949993097;S
20240327;100011;294.34;250;9949993098;S
20240327;100011;294.43;10;9949993100;B
20240327;100011;294.43;290;9949993104;B
20240327;100011;294.43;2000;9949993105;B
20240327;100011;294.44;10;9949993106;B
20240327;100011;294.44;420;9949993107;B
20240327;100011;294.45;420;9949993108;B
20240327;100011;294.45;350;9949993109;B
20240327;100011;294.46;1510;9949993110;B
20240327;100011;294.45;50;9949993126;B
20240327;100011;294.46;50;9949993127;B
20240327;100011;294.46;60;9949993153;B
20240327;100011;294.46;280;9949993158;B
20240327;100011;294.47;310;9949993159;B
20240327;100011;294.47;20;9949993180;B
20240327;100011;294.46;10;9949993204;B
20240327;100011;294.46;10;9949993218;B
20240327;100011;294.47;10;9949993246;B
20240327;100011;294.46;10;9949993292;B
20240327;100011;294.47;20;9949993363;B
20240327;100011;294.46;30;9949993364;B
20240327;100012;294.42;20;9949993484;S
20240327;100012;294.4;80;9949993531;S
20240327;100012;294.4;320;9949993562;S
20240327;100012;294.39;350;9949993563;S
20240327;100012;294.38;30;9949993564;S
20240327;100014;294.44;10;9949994003;S
20240327;100016;294.42;10;9949994444;S
20240327;100016;294.42;10;9949994445;S
20240327;100016;294.39;40;9949994446;S
20240327;100016;294.36;2000;9949994447;S
20240327;100016;294.33;60;9949994448;S
20240327;100016;294.33;3880;9949994449;S
20240327;100016;294.31;490;9949994450;S
20240327;100016;294.39;20;9949994553;B
20240327;100016;294.39;10;9949994554;B
20240327;100017;294.31;660;9949994679;S
20240327;100018;294.31;20;9949994928;S
20240327;100019;294.33;340;9949995072;B
20240327;100019;294.31;60;9949995087;S
20240327;100019;294.33;100;9949995117;B
20240327;100019;294.33;10;9949995372;B
20240327;100019;294.33;20;9949995386;B
20240327;100021;294.33;30;9949995667;B
20240327;100021;294.31;10;9949995725;S
20240327;100022;294.32;100;9949995859;B
20240327;100022;294.33;900;9949995860;B
20240327;100023;294.33;10;9949995960;B
20240327;100023;294.33;10;9949995961;B
20240327;100023;294.36;120;9949995962;B
20240327;100023;294.36;10;9949996071;B
20240327;100024;294.31;10;9949996095;S
20240327;100024;294.36;10;9949996124;B
20240327;100024;294.31;2900;9949996289;S
20240327;100024;294.3;500;9949996290;S
20240327;100024;294.3;420;9949996291;S
20240327;100024;294.29;50;9949996292;S
20240327;100024;294.29;420;9949996293;S
20240327;100024;294.29;710;9949996294;S
20240327;100025;294.3;280;9949996438;B
20240327;100028;294.26;20;9949997339;S
20240327;100028;294.26;180;9949997340;S
20240327;100029;294.29;50;9949997473;B
20240327;100030;294.26;40;9949997774;S
20240327;100030;294.29;50;9949997816;B
20240327;100030;294.29;10;9949997817;B
20240327;100030;294.29;50;9949997848;B
20240327;100031;294.29;10;9949997997;B
20240327;100032;294.29;30;9949998161;B
20240327;100032;294.29;10;9949998162;B
20240327;100032;294.27;400;9949998207;S
20240327;100032;294.27;420;9949998208;S
20240327;100032;294.26;350;9949998209;S
20240327;100032;294.26;420;9949998210;S
20240327;100032;294.26;1030;9949998211;S
20240327;100032;294.25;2000;9949998212;S
20240327;100032;294.25;380;9949998213;S
20240327;100032;294.29;910;9949998216;B
20240327;100032;294.3;10;9949998217;B
20240327;100032;294.3;10;9949998218;B
20240327;100032;294.31;10;9949998219;B
20240327;100032;294.31;20;9949998220;B
20240327;100032;294.33;400;9949998221;B
20240327;100032;294.34;3640;9949998222;B
20240327;100032;294.36;50;9949998261;B
20240327;100033;294.34;20;9949998331;S
20240327;100033;294.34;10;9949998382;S
20240327;100034;294.36;180;9949998531;B
20240327;100034;294.36;10;9949998694;B
20240327;100034;294.39;10;9949998695;B
20240327;100035;294.39;490;9949998968;B
20240327;100035;294.39;700;9949998969;B
20240327;100037;294.38;400;9949999296;S
20240327;100037;294.38;20;9949999297;S
20240327;100037;294.37;350;9949999298;S
20240327;100037;294.37;230;9949999299;S
20240327;100038;294.41;500;9949999539;B
20240327;100039;294.39;10;9949999751;B
20240327;100039;294.39;900;9949999758;B
20240327;100039;294.4;700;9949999759;B
20240327;100042;294.4;2300;9950000512;B
20240327;100042;294.4;10;9950000513;B
20240327;100042;294.41;70;9950000549;S
20240327;100042;294.41;130;9950000589;S
20240327;100042;294.41;100;9950000634;S
20240327;100043;294.41;90;9950000816;S
20240327;100043;294.41;10;9950000867;S
20240327;100043;294.41;190;9950000868;S
20240327;100043;294.42;100;9950000874;B
20240327;100043;294.44;10;9950000875;B
20240327;100043;294.45;100;9950000876;B
20240327;100043;294.47;250;9950000877;B
20240327;100045;294.45;100;9950001265;S
20240327;100045;294.45;2500;9950001266;S
20240327;100045;294.45;400;9950001267;S
20240327;100045;294.41;200;9950001268;S
20240327;100045;294.47;1790;9950001321;B
20240327;100045;294.47;100;9950001322;B
20240327;100045;294.47;10;9950001323;B
20240327;100045;294.47;1000;9950001324;B
20240327;100045;294.47;910;9950001326;S
20240327;100048;294.48;40;9950001889;B
20240327;100048;294.47;570;9950001972;S
20240327;100048;294.48;10;9950001977;B
20240327;100048;294.47;10;9950002223;S
20240327;100048;294.47;400;9950002233;S
20240327;100052;294.47;110;9950003390;S
20240327;100053;294.48;30;9950003644;B
20240327;100053;294.48;10;9950003802;B
20240327;100053;294.48;910;9950003803;B
20240327;100053;294.48;2000;9950003804;B
20240327;100053;294.48;10;9950003805;B
20240327;100053;294.48;100;9950003806;B
20240327;100053;294.48;180;9950003807;B
20240327;100053;294.48;10;9950003808;B
20240327;100053;294.48;100;9950003809;B
20240327;100053;294.48;390;9950003810;B
20240327;100054;294.47;10;9950003869;S
20240327;100054;294.47;110;9950004066;S
20240327;100054;294.47;190;9950004079;S
20240327;100054;294.47;200;9950004080;S
20240327;100054;294.47;420;9950004081;S
20240327;100054;294.47;600;9950004082;S
20240327;100054;294.46;320;9950004083;S
20240327;100056;294.47;10;9950004429;B
20240327;100056;294.46;10;9950004470;S
20240327;100057;294.46;70;9950004654;S
20240327;100057;294.47;100;9950004699;B
20240327;100058;294.47;100;9950004835;B
20240327;100059;294.47;190;9950005115;B
20240327;100059;294.47;100;9950005116;B
20240327;100059;294.48;610;9950005117;B
20240327;100059;294.48;10;9950005118;B
20240327;100059;294.48;210;9950005119;B
20240327;100059;294.48;200;9950005120;B
20240327;100059;294.49;2000;9950005121;B
20240327;100059;294.49;50;9950005122;B
20240327;100059;294.49;1630;9950005123;B
20240327;100059;294.48;100;9950005141;S
20240327;100059;294.49;10;9950005189;B
20240327;100059;294.49;2500;9950005320;B
20240327;100100;294.49;200;9950005470;B
20240327;100101;294.49;10;9950005672;B
20240327;100101;294.49;100;9950005674;B
20240327;100102;294.49;100;9950005828;B
20240327;100102;294.49;900;9950005935;B
20240327;100102;294.49;500;9950005936;B
20240327;100102;294.48;20;9950006020;S
20240327;100103;294.48;50;9950006128;S
20240327;100103;294.49;70;9950006129;B
20240327;100103;294.48;250;9950006139;S
20240327;100103;294.48;150;9950006140;S
20240327;100103;294.49;1000;9950006257;B
20240327;100104;294.49;400;9950006267;B
20240327;100104;294.49;10;9950006369;B
20240327;100104;294.49;10000;9950006421;B
20240327;100104;294.49;10;9950006514;B
20240327;100105;294.49;500;9950006659;B
20240327;100105;294.49;20;9950006695;B
20240327;100105;294.49;100;9950006750;B
20240327;100105;294.49;21940;9950006784;B
20240327;100105;294.49;20;9950006785;B
20240327;100105;294.49;20;9950006786;B
20240327;100105;294.49;90;9950006787;B
20240327;100105;294.5;2000;9950006788;B
20240327;100105;294.5;500;9950006789;B
20240327;100105;294.5;1000;9950006790;B
20240327;100105;294.5;10;9950006791;B
20240327;100105;294.5;500;9950006792;B
20240327;100105;294.5;50;9950006793;B
20240327;100105;294.5;2000;9950006794;B
20240327;100105;294.51;2000;9950006795;B
20240327;100105;294.51;500;9950006796;B
20240327;100105;294.51;10;9950006797;B
20240327;100105;294.52;2000;9950006798;B
20240327;100105;294.52;400;9950006799;B
20240327;100105;294.53;2000;9950006800;B
20240327;100105;294.53;50;9950006801;B
20240327;100105;294.54;910;9950006802;B
20240327;100105;294.54;10;9950006808;B
20240327;100106;294.53;40;9950006877;S
20240327;100106;294.53;360;9950006890;S
20240327;100106;294.53;140;9950006891;S
20240327;100106;294.54;200;9950006989;B
20240327;100107;294.54;10;9950007096;B
20240327;100107;294.54;200;9950007100;B
20240327;100107;294.54;670;9950007126;B
20240327;100107;294.54;10;9950007127;B
20240327;100107;294.56;20;9950007128;B
20240327;100107;294.56;3000;9950007129;B
20240327;100107;294.59;10;9950007130;B
20240327;100107;294.6;10;9950007131;B
20240327;100107;294.6;120;9950007132;B
20240327;100107;294.6;10;9950007133;B
20240327;100107;294.6;100;9950007134;B
20240327;100107;294.6;50;9950007135;B
20240327;100107;294.6;20;9950007136;B
20240327;100107;294.6;100;9950007137;B
20240327;100107;294.6;100;9950007138;B
20240327;100107;294.6;80;9950007139;B
20240327;100107;294.6;10;9950007140;B
20240327;100107;294.6;90;9950007141;B
20240327;100107;294.61;10;9950007143;B
20240327;100107;294.61;10;9950007151;B
20240327;100107;294.61;10;9950007197;B
20240327;100107;294.6;20;9950007251;S
20240327;100107;294.6;400;9950007252;S
20240327;100107;294.6;420;9950007253;S
20240327;100107;294.6;910;9950007254;S
20240327;100107;294.6;500;9950007255;S
20240327;100107;294.6;750;9950007256;S
20240327;100107;294.61;50;9950007258;B
20240327;100108;294.61;200;9950007376;B
20240327;100108;294.6;10;9950007419;S
20240327;100108;294.6;10;9950007453;S
20240327;100110;294.61;50;9950007774;B
20240327;100114;294.61;30;9950008618;B
20240327;100116;294.61;140;9950009088;B
20240327;100116;294.61;100;9950009089;B
20240327;100116;294.61;50;9950009090;B
20240327;100116;294.65;10;9950009091;B
20240327;100116;294.65;50;9950009092;B
20240327;100116;294.65;20;9950009149;B
20240327;100116;294.65;10;9950009150;B
20240327;100116;294.65;30;9950009151;B
20240327;100116;294.65;300;9950009185;B
20240327;100116;294.65;30;9950009192;B
20240327;100117;294.65;40;9950009294;B
20240327;100117;294.66;40;9950009295;B
20240327;100117;294.66;90;9950009370;B
20240327;100117;294.66;50;9950009455;B
20240327;100118;294.65;10;9950009520;S
20240327;100118;294.65;20;9950009540;S
20240327;100119;294.65;200;9950009774;S
20240327;100120;294.66;10;9950009863;B
20240327;100120;294.65;1030;9950009996;S
20240327;100120;294.65;350;9950009997;S
20240327;100120;294.65;350;9950009998;S
20240327;100120;294.65;10;9950009999;S
20240327;100121;294.65;80;9950010037;B
20240327;100121;294.64;20;9950010052;S
20240327;100121;294.64;120;9950010155;S
20240327;100122;294.65;1180;9950010250;B
20240327;100122;294.66;700;9950010251;B
20240327;100123;294.65;10;9950010405;S
20240327;100123;294.66;110;9950010464;B
20240327;100123;294.66;20;9950010465;B
20240327;100123;294.66;20;9950010466;B
20240327;100123;294.67;850;9950010467;B
20240327;100124;294.65;350;9950010697;S
20240327;100124;294.65;150;9950010698;S
20240327;100124;294.66;20;9950010702;B
20240327;100124;294.66;30;9950010703;B
20240327;100124;294.65;880;9950010719;S
20240327;100124;294.65;350;9950010720;S
20240327;100124;294.64;770;9950010721;S
20240327;100124;294.64;90;9950010733;S
20240327;100124;294.64;110;9950010734;S
20240327;100124;294.65;10;9950010777;B
20240327;100124;294.64;190;9950010792;S
20240327;100124;294.64;100;9950010793;S
20240327;100124;294.63;510;9950010794;S
20240327;100125;294.65;10;9950010858;B
20240327;100125;294.63;400;9950010891;S
20240327;100125;294.64;40;9950010919;B
20240327;100126;294.63;10;9950011073;S
20240327;100127;294.61;1050;9950011370;S
20240327;100128;294.62;20;9950011385;B
20240327;100128;294.62;500;9950011443;B
20240327;100128;294.62;400;9950011444;B
20240327;100128;294.64;60;9950011445;B
20240327;100128;294.65;90;9950011446;B
20240327;100128;294.66;1030;9950011447;B
20240327;100128;294.66;350;9950011448;B
20240327;100128;294.66;350;9950011449;B
20240327;100128;294.66;500;9950011450;B
20240327;100128;294.67;150;9950011451;B
20240327;100128;294.67;500;9950011452;B
20240327;100128;294.67;10;9950011453;B
20240327;100128;294.67;50;9950011454;B
20240327;100128;294.67;910;9950011455;B
20240327;100128;294.68;5100;9950011456;B
20240327;100129;294.62;910;9950011559;S
20240327;100129;294.61;90;9950011560;S
20240327;100129;294.66;10;9950011598;B
20240327;100129;294.66;50;9950011600;B
20240327;100129;294.61;100;9950011651;S
20240327;100131;294.64;200;9950011930;B
20240327;100131;294.61;500;9950011970;S
20240327;100131;294.65;10;9950011991;B
20240327;100131;294.65;30;9950011992;B
20240327;100131;294.66;50;9950012044;B
20240327;100131;294.66;10;9950012066;B
20240327;100131;294.66;50;9950012071;B
20240327;100132;294.65;10;9950012274;B
20240327;100133;294.65;200;9950012376;B
20240327;100134;294.61;6000;9950012619;S
20240327;100134;294.61;100;9950012667;S
20240327;100134;294.61;80;9950012688;S
20240327;100134;294.61;490;9950012774;S
20240327;100134;294.61;10;9950012778;S
20240327;100135;294.61;2500;9950012834;S
20240327;100136;294.61;4080;9950013034;S
20240327;100136;294.61;90;9950013143;B
20240327;100136;294.6;1110;9950013178;S
20240327;100136;294.6;3890;9950013289;S
20240327;100136;294.59;10;9950013304;B
20240327;100137;294.6;100;9950013526;B
20240327;100137;294.58;400;9950013600;B
20240327;100137;294.59;50;9950013601;B
20240327;100137;294.6;50;9950013602;B
20240327;100138;294.58;30;9950013700;B
20240327;100138;294.58;10;9950013731;B
20240327;100139;294.58;10;9950013928;B
20240327;100139;294.57;10;9950013933;S
20240327;100139;294.58;20;9950013951;B
20240327;100139;294.57;10;9950013959;S
20240327;100139;294.58;10;9950014046;B
20240327;100139;294.57;30;9950014049;S
20240327;100140;294.57;100;9950014230;S
20240327;100141;294.57;10;9950014389;B
20240327;100142;294.55;150;9950014627;B
20240327;100142;294.55;20;9950014715;B
20240327;100143;294.55;40;9950014765;B
20240327;100143;294.55;10;9950014872;B
20240327;100145;294.53;30;9950015239;S
20240327;100145;294.55;10;9950015321;B
20240327;100145;294.53;390;9950015377;S
20240327;100145;294.52;110;9950015378;S
20240327;100148;294.54;50;9950015927;B
20240327;100148;294.54;50;9950015928;B
20240327;100148;294.54;10;9950016075;B
20240327;100150;294.54;40;9950016360;B
20240327;100150;294.54;10;9950016361;B
20240327;100150;294.53;400;9950016478;S
20240327;100150;294.53;100;9950016479;S
20240327;100150;294.53;320;9950016515;S
20240327;100150;294.53;400;9950016516;S
20240327;100150;294.53;20;9950016525;B
20240327;100151;294.52;890;9950016691;S
20240327;100151;294.51;420;9950016692;S
20240327;100151;294.5;20;9950016693;S
20240327;100151;294.5;1000;9950016694;S
20240327;100151;294.5;210;9950016695;S
20240327;100151;294.5;420;9950016696;S
20240327;100151;294.5;40;9950016697;S
20240327;100152;294.47;10;9950016721;S
20240327;100152;294.47;90;9950016843;S
20240327;100152;294.47;320;9950016845;S
20240327;100152;294.47;910;9950016846;S
20240327;100152;294.47;400;9950016847;S
20240327;100152;294.47;870;9950016848;S
20240327;100153;294.47;370;9950017133;S
20240327;100155;294.48;20;9950017347;B
20240327;100155;294.47;50;9950017512;S
20240327;100155;294.46;40000;9950017513;S
20240327;100155;294.46;420;9950017514;S
20240327;100156;294.45;10;9950017519;S
20240327;100156;294.46;10;9950017593;B
20240327;100158;294.46;10;9950017958;B
20240327;100158;294.45;10;9950018045;S
20240327;100158;294.39;100;9950018088;S
20240327;100200;294.44;400;9950018515;B
20240327;100200;294.45;10;9950018516;B
20240327;100200;294.46;330;9950018517;B
20240327;100200;294.46;10;9950018518;B
20240327;100200;294.46;10;9950018519;B
20240327;100200;294.48;30;9950018520;B
20240327;100200;294.48;50;9950018521;B
20240327;100200;294.48;350;9950018522;B
20240327;100200;294.48;1030;9950018523;B
20240327;100200;294.48;350;9950018524;B
20240327;100200;294.49;50;9950018525;B
20240327;100200;294.49;420;9950018526;B
20240327;100200;294.49;290;9950018527;B
20240327;100200;294.48;400;9950018597;B
20240327;100200;294.49;1030;9950018598;B
20240327;100200;294.49;350;9950018599;B
20240327;100200;294.49;350;9950018600;B
20240327;100200;294.5;50;9950018601;B
20240327;100200;294.5;420;9950018602;B
20240327;100200;294.5;100;9950018603;B
20240327;100200;294.51;50;9950018604;B
20240327;100200;294.51;420;9950018605;B
20240327;100200;294.52;420;9950018606;B
20240327;100200;294.53;10800;9950018607;B
20240327;100200;294.53;50;9950018608;B
20240327;100200;294.53;40;9950018609;B
20240327;100200;294.53;420;9950018610;B
20240327;100200;294.53;2000;9950018611;B
20240327;100201;294.51;10;9950018872;B
20240327;100202;294.51;10;9950019220;B
20240327;100203;294.43;30;9950019721;S
20240327;100203;294.43;100;9950019737;S
20240327;100204;294.47;400;9950019849;B
20240327;100204;294.47;580;9950019850;B
20240327;100204;294.47;350;9950019851;B
20240327;100204;294.47;350;9950019852;B
20240327;100205;294.48;10;9950019965;B
20240327;100205;294.48;2500;9950020039;B
20240327;100205;294.48;10;9950020054;B
20240327;100205;294.48;240;9950020065;B
20240327;100205;294.48;10;9950020147;B
20240327;100205;294.48;370;9950020188;B
20240327;100205;294.48;400;9950020189;B
20240327;100205;294.49;1230;9950020190;B
20240327;100206;294.51;400;9950020354;B
20240327;100207;294.51;370;9950020465;B
20240327;100207;294.47;10;9950020580;S
20240327;100208;294.5;50;9950020773;B
20240327;100208;294.52;950;9950020774;B
20240327;100208;294.48;10;9950020797;S
20240327;100208;294.48;350;9950020798;S
20240327;100208;294.47;360;9950020799;S
20240327;100209;294.52;70;9950020966;B
20240327;100210;294.52;10;9950021029;B
20240327;100210;294.47;780;9950021168;S
20240327;100210;294.46;10;9950021169;S
20240327;100210;294.46;400;9950021170;S
20240327;100210;294.44;350;9950021171;S
20240327;100210;294.43;370;9950021172;S
20240327;100211;294.47;10;9950021269;B
20240327;100211;294.47;40;9950021274;B
20240327;100212;294.44;400;9950021455;B
20240327;100212;294.45;350;9950021456;B
20240327;100212;294.46;350;9950021457;B
20240327;100212;294.46;420;9950021458;B
20240327;100212;294.46;1030;9950021459;B
20240327;100212;294.47;420;9950021460;B
20240327;100212;294.47;420;9950021461;B
20240327;100212;294.45;20;9950021518;B
20240327;100212;294.45;10;9950021542;B
20240327;100213;294.42;10;9950021752;S
20240327;100213;294.45;10;9950021756;B
20240327;100213;294.45;10;9950021805;B
20240327;100214;294.45;250;9950021866;B
20240327;100214;294.45;10;9950021916;B
20240327;100214;294.42;10;9950021931;S
20240327;100214;294.38;40;9950021932;S
20240327;100214;294.45;90;9950021964;B
20240327;100214;294.46;30;9950021965;B
20240327;100215;294.44;100;9950022030;B
20240327;100215;294.45;400;9950022047;B
20240327;100215;294.45;350;9950022048;B
20240327;100215;294.46;420;9950022049;B
20240327;100215;294.46;1540;9950022050;B
20240327;100215;294.46;960;9950022051;B
20240327;100216;294.46;100;9950022361;B
20240327;100217;294.47;420;9950022471;B
20240327;100217;294.47;400;9950022472;B
20240327;100217;294.47;140;9950022473;B
20240327;100219;294.48;10;9950022739;B
20240327;100220;294.47;10;9950022931;S
20240327;100220;294.48;40;9950023023;B
20240327;100220;294.48;60;9950023024;B
20240327;100221;294.48;360;9950023106;B
20240327;100221;294.48;100;9950023107;B
20240327;100221;294.49;420;9950023108;B
20240327;100221;294.49;100;9950023109;B
20240327;100221;294.5;20;9950023110;B
20240327;100222;294.47;20;9950023227;S
20240327;100223;294.47;600;9950023360;S
20240327;100223;294.47;10;9950023516;S
20240327;100223;294.44;100;9950023517;S
20240327;100223;294.43;100;9950023518;S
20240327;100223;294.42;400;9950023519;S
20240327;100223;294.41;1030;9950023520;S
20240327;100223;294.41;350;9950023521;S
20240327;100223;294.41;10;9950023522;S
20240327;100223;294.49;10;9950023579;B
20240327;100226;294.45;50;9950024117;B
20240327;100226;294.46;50;9950024118;B
20240327;100226;294.41;10;9950024228;S
20240327;100227;294.45;350;9950024256;B
20240327;100227;294.46;150;9950024257;B
20240327;100227;294.41;150;9950024334;S
20240327;100227;294.43;110;9950024387;B
20240327;100227;294.44;40;9950024388;B
20240327;100228;294.41;640;9950024459;S
20240327;100229;294.44;10;9950024620;B
20240327;100229;294.41;10;9950024646;S
20240327;100229;294.4;90;9950024647;S
20240327;100229;294.4;10;9950024719;S
20240327;100229;294.39;220;9950024720;S
20240327;100230;294.44;20;9950024903;B
20240327;100231;294.41;1000;9950025047;B
20240327;100232;294.42;80;9950025157;B
20240327;100232;294.39;100;9950025180;S
20240327;100235;294.39;10;9950025747;S
20240327;100235;294.39;40;9950025754;S
20240327;100236;294.41;150;9950025814;B
20240327;100236;294.41;10;9950025937;B
20240327;100237;294.41;10;9950026128;B
20240327;100238;294.39;550;9950026268;S
20240327;100238;294.41;40;9950026445;B
20240327;100239;294.41;10;9950026567;B
20240327;100240;294.4;10;9950026662;S
20240327;100240;294.39;280;9950026713;S
20240327;100240;294.4;100;9950026789;B
20240327;100242;294.4;200;9950027086;B
20240327;100243;294.39;10;9950027230;S
20240327;100245;294.39;10;9950027481;S
20240327;100245;294.39;100;9950027482;S
20240327;100245;294.39;50;9950027483;S
20240327;100245;294.38;100;9950027509;S
20240327;100245;294.35;420;9950027510;S
20240327;100245;294.35;100;9950027511;S
20240327;100245;294.34;170;9950027512;S
20240327;100245;294.38;60;9950027536;B
20240327;100246;294.38;20;9950027605;B
20240327;100247;294.38;60;9950027791;B
20240327;100247;294.39;10;9950027913;B
20240327;100247;294.37;50;9950027932;S
20240327;100248;294.37;370;9950027934;S
20240327;100248;294.35;40;9950027935;S
20240327;100248;294.35;30;9950027937;S
20240327;100248;294.35;10;9950028006;S
20240327;100248;294.39;10;9950028050;B
20240327;100248;294.35;60;9950028109;S
20240327;100248;294.35;10;9950028162;S
20240327;100251;294.37;900;9950028746;B
20240327;100252;294.36;10;9950028943;S
20240327;100252;294.35;400;9950029023;S
20240327;100253;294.34;10;9950029179;S
20240327;100254;294.35;100;9950029417;B
20240327;100254;294.35;40;9950029430;B
20240327;100255;294.36;10;9950029551;B
20240327;100255;294.35;10;9950029605;S
20240327;100255;294.35;10;9950029606;S
20240327;100255;294.34;90;9950029607;S
20240327;100255;294.34;10;9950029608;S
20240327;100255;294.34;10;9950029609;S
20240327;100255;294.34;10;9950029610;S
20240327;100255;294.34;10;9950029611;S
20240327;100255;294.34;10;9950029612;S
20240327;100255;294.33;3400;9950029613;S
20240327;100256;294.35;10;9950029748;S
20240327;100256;294.35;10;9950029749;S
20240327;100257;294.35;40;9950030051;B
20240327;100258;294.36;10;9950030353;B
20240327;100259;294.35;10;9950030380;S
20240327;100259;294.34;10;9950030381;S
20240327;100259;294.34;10;9950030382;S
20240327;100259;294.34;10;9950030383;S
20240327;100259;294.34;10;9950030384;S
20240327;100259;294.34;10;9950030385;S
20240327;100259;294.34;10;9950030386;S
20240327;100259;294.34;10;9950030387;S
20240327;100259;294.33;1600;9950030388;S
20240327;100259;294.33;20;9950030389;S
20240327;100259;294.31;420;9950030390;S
20240327;100259;294.31;10;9950030391;S
20240327;100259;294.3;10;9950030392;S
20240327;100259;294.3;40;9950030393;S
20240327;100259;294.3;290;9950030394;S
20240327;100300;294.3;10;9950030546;S
20240327;100300;294.36;330;9950030560;B
20240327;100300;294.36;1030;9950030561;B
20240327;100300;294.36;350;9950030562;B
20240327;100300;294.37;290;9950030563;B
20240327;100301;294.3;10;9950030808;S
20240327;100302;294.36;20;9950031003;B
20240327;100302;294.36;10;9950031033;B
20240327;100303;294.36;10;9950031282;B
20240327;100306;294.3;70;9950031836;S
20240327;100307;294.36;130;9950032036;B
20240327;100309;294.38;10;9950032455;B
20240327;100309;294.39;40;9950032456;B
20240327;100309;294.35;10;9950032470;S
20240327;100309;294.39;10;9950032491;B
20240327;100310;294.37;20;9950032572;S
20240327;100311;294.37;250;9950032752;S
20240327;100313;294.35;400;9950033115;S
20240327;100313;294.35;500;9950033116;S
20240327;100313;294.39;10;9950033142;B
20240327;100316;294.37;40;9950033490;S
20240327;100316;294.36;10;9950033491;S
20240327;100316;294.36;400;9950033492;S
20240327;100316;294.35;10;9950033514;B
20240327;100316;294.34;20;9950033570;S
20240327;100316;294.34;210;9950033571;S
20240327;100316;294.35;10;9950033594;B
20240327;100316;294.34;450;9950033614;S
20240327;100316;294.31;100;9950033615;S
20240327;100316;294.3;40;9950033616;S
20240327;100316;294.3;100;9950033617;S
20240327;100316;294.3;10;9950033618;S
20240327;100316;294.3;50;9950033619;S
20240327;100316;294.3;50;9950033620;S
20240327;100316;294.3;10;9950033621;S
20240327;100316;294.3;100;9950033622;S
20240327;100316;294.29;420;9950033623;S
20240327;100316;294.28;10;9950033624;S
20240327;100316;294.28;420;9950033625;S
20240327;100316;294.27;360;9950033626;S
20240327;100317;294.33;20;9950033705;B
20240327;100317;294.26;10;9950033722;S
20240327;100319;294.31;10;9950034294;B
20240327;100325;294.3;10;9950035387;S
20240327;100326;294.3;10;9950035673;S
20240327;100326;294.3;20;9950035674;S
20240327;100326;294.29;20;9950035675;S
20240327;100329;294.3;340;9950036324;B
20240327;100330;294.3;60;9950036391;B
20240327;100330;294.3;910;9950036392;B
20240327;100330;294.31;30;9950036393;B
20240327;100330;294.29;10;9950036417;S
20240327;100330;294.29;70;9950036439;S
20240327;100330;294.29;10;9950036440;S
20240327;100330;294.28;200;9950036441;S
20240327;100330;294.27;420;9950036442;S
20240327;100330;294.26;380;9950036443;S
20240327;100330;294.26;10;9950036583;S
20240327;100330;294.26;30;9950036589;S
20240327;100330;294.25;10;9950036590;S
20240327;100330;294.25;420;9950036591;S
20240327;100330;294.25;400;9950036592;S
20240327;100330;294.24;140;9950036593;S
20240327;100331;294.25;420;9950036964;S
20240327;100331;294.25;580;9950036965;S
20240327;100331;294.25;20;9950037055;B
20240327;100332;294.25;20;9950037096;B
20240327;100334;294.25;10;9950037404;B
20240327;100334;294.25;50;9950037413;B
20240327;100334;294.25;900;9950037425;B
20240327;100334;294.26;100;9950037426;B
20240327;100335;294.3;10;9950037675;B
20240327;100336;294.3;10;9950037720;B
20240327;100336;294.24;420;9950037731;S
20240327;100336;294.24;20;9950037732;S
20240327;100337;294.26;130;9950038008;S
20240327;100339;294.26;270;9950038362;S
20240327;100339;294.25;60;9950038363;S
20240327;100339;294.3;10;9950038371;B
20240327;100340;294.27;150;9950038544;S
20240327;100340;294.25;40;9950038545;S
20240327;100340;294.25;310;9950038546;S
20240327;100341;294.29;10;9950038810;B
20240327;100342;294.24;420;9950038968;S
20240327;100342;294.24;400;9950038969;S
20240327;100342;294.24;180;9950038970;S
20240327;100343;294.23;10;9950039142;S
20240327;100343;294.23;420;9950039143;S
20240327;100343;294.23;10;9950039144;S
20240327;100343;294.23;560;9950039145;S
20240327;100346;294.23;50;9950039772;S
20240327;100348;294.24;10;9950040021;B
20240327;100348;294.24;150;9950040147;B
20240327;100348;294.24;20;9950040161;B
20240327;100349;294.24;50;9950040366;B
20240327;100350;294.23;40;9950040558;S
20240327;100351;294.23;10;9950040701;S
20240327;100351;294.26;10;9950040741;B
20240327;100353;294.25;40;9950041111;S
20240327;100354;294.26;10;9950041278;B
20240327;100356;294.26;480;9950041497;B
20240327;100356;294.29;530;9950041498;B
20240327;100356;294.26;30;9950041532;S
20240327;100357;294.26;370;9950041847;S
20240327;100357;294.26;20;9950041848;S
20240327;100357;294.25;40;9950041849;S
20240327;100357;294.24;80;9950041850;S
20240327;100358;294.25;50;9950041871;S
20240327;100400;294.26;1000;9950042284;B
20240327;100402;294.26;1070;9950042732;B
20240327;100402;294.26;660;9950042751;B
20240327;100402;294.25;20;9950042771;S
20240327;100402;294.25;50;9950042861;S
20240327;100403;294.26;20;9950043029;B
20240327;100405;294.25;250;9950043434;S
20240327;100405;294.25;100;9950043435;S
20240327;100405;294.25;100;9950043436;S
20240327;100405;294.24;20;9950043454;S
20240327;100405;294.25;10;9950043499;B
20240327;100405;294.25;10;9950043532;B
20240327;100406;294.24;30;9950043551;S
20240327;100406;294.24;50;9950043552;S
20240327;100406;294.24;20;9950043553;S
20240327;100406;294.25;10;9950043584;B
20240327;100406;294.24;100;9950043586;S
20240327;100406;294.23;100;9950043597;S
20240327;100406;294.23;100;9950043615;S
20240327;100406;294.24;100;9950043627;B
20240327;100406;294.23;100;9950043631;S
20240327;100406;294.23;100;9950043667;S
20240327;100406;294.24;10;9950043672;B
20240327;100406;294.22;100;9950043685;S
20240327;100406;294.22;100;9950043694;S
20240327;100406;294.22;100;9950043718;S
20240327;100407;294.24;30;9950043918;B
20240327;100408;294.23;30;9950043973;S
20240327;100408;294.24;10;9950044079;B
20240327;100408;294.24;10;9950044127;B
20240327;100409;294.23;10;9950044276;S
20240327;100410;294.25;10;9950044443;B
20240327;100410;294.25;10;9950044456;B
20240327;100411;294.25;10;9950044711;B
20240327;100412;294.23;60;9950044901;S
20240327;100413;294.24;20;9950045171;B
20240327;100413;294.24;10;9950045181;B
20240327;100414;294.24;10;9950045240;B
20240327;100414;294.22;200;9950045249;S
20240327;100414;294.22;100;9950045250;S
20240327;100414;294.21;10;9950045251;S
20240327;100414;294.21;30;9950045252;S
20240327;100414;294.21;50;9950045253;S
20240327;100414;294.21;730;9950045254;S
20240327;100414;294.24;360;9950045255;B
20240327;100414;294.24;50;9950045256;B
20240327;100414;294.25;170;9950045257;B
20240327;100414;294.25;470;9950045258;B
20240327;100415;294.24;400;9950045433;B
20240327;100415;294.25;560;9950045434;B
20240327;100415;294.25;350;9950045435;B
20240327;100415;294.25;10;9950045436;B
20240327;100415;294.25;350;9950045437;B
20240327;100415;294.26;330;9950045438;B
20240327;100415;294.23;10;9950045465;S
20240327;100417;294.24;80;9950045747;B
20240327;100417;294.22;400;9950045947;B
20240327;100417;294.23;1030;9950045948;B
20240327;100417;294.23;570;9950045949;B
20240327;100418;294.23;50;9950046084;B
20240327;100421;294.21;100;9950046612;S
20240327;100422;294.22;200;9950046964;B
20240327;100422;294.22;10;9950046968;B
20240327;100423;294.21;50;9950047077;S
20240327;100425;294.22;10;9950047478;B
20240327;100425;294.22;180;9950047547;B
20240327;100427;294.21;300;9950047798;S
20240327;100427;294.21;250;9950047799;S
20240327;100427;294.21;40;9950047800;S
20240327;100427;294.21;130;9950047801;S
20240327;100427;294.2;50;9950047802;S
20240327;100427;294.2;20;9950047803;S
20240327;100427;294.2;10;9950047804;S
20240327;100427;294.2;200;9950047805;S
20240327;100427;294.21;10;9950047859;B
20240327;100427;294.2;240;9950047994;S
20240327;100428;294.21;390;9950048114;B
20240327;100428;294.21;1110;9950048115;B
20240327;100429;294.2;40;9950048283;S
20240327;100430;294.2;20;9950048423;S
20240327;100431;294.2;110;9950048505;S
20240327;100431;294.2;10;9950048528;S
20240327;100431;294.2;10;9950048560;S
20240327;100431;294.2;60;9950048561;S
20240327;100432;294.2;20;9950048776;S
20240327;100433;294.2;10;9950048864;S
20240327;100433;294.2;90;9950048865;S
20240327;100434;294.21;30;9950048921;B
20240327;100434;294.21;10;9950049059;B
20240327;100434;294.21;10;9950049067;B
20240327;100436;294.2;10;9950049366;S
20240327;100436;294.2;50;9950049367;S
20240327;100436;294.2;100;9950049368;S
20240327;100436;294.19;10;9950049369;S
20240327;100437;294.18;110;9950049524;S
20240327;100437;294.19;50;9950049532;B
20240327;100438;294.19;30;9950049715;B
20240327;100439;294.18;270;9950050437;S
20240327;100439;294.18;10;9950050438;S
20240327;100439;294.17;10;9950050439;S
20240327;100439;294.17;250;9950050440;S
20240327;100439;294.15;40;9950050441;S
20240327;100439;294.15;10;9950050442;S
20240327;100439;294.15;20;9950050443;S
20240327;100439;294.15;60;9950050444;S
20240327;100439;294.15;330;9950050445;S
20240327;100440;294.17;10;9950050570;B
20240327;100441;294.18;400;9950050716;B
20240327;100441;294.18;100;9950050717;B
20240327;100442;294.17;500;9950051049;B
20240327;100443;294.15;10;9950051170;S
20240327;100443;294.18;10;9950051263;B
20240327;100444;294.15;190;9950051331;S
20240327;100444;294.16;10;9950051379;B
20240327;100446;294.16;40;9950051666;B
20240327;100448;294.15;200;9950052005;S
20240327;100448;294.16;20;9950052042;B
20240327;100449;294.16;50;9950052205;B
20240327;100451;294.16;20;9950052650;B
20240327;100451;294.15;20;9950052691;S
20240327;100452;294.16;700;9950052772;B
20240327;100452;294.15;30;9950052789;S
20240327;100453;294.16;10;9950052903;B
20240327;100453;294.16;10;9950052904;B
20240327;100453;294.15;350;9950052950;S
20240327;100454;294.16;530;9950053264;B
20240327;100455;294.15;90;9950053308;S
20240327;100456;294.15;10;9950053577;S
20240327;100457;294.16;10;9950053725;B
20240327;100457;294.16;7000;9950053803;B
20240327;100458;294.16;16550;9950053847;B
20240327;100458;294.16;420;9950053848;B
20240327;100458;294.16;100;9950053849;B
20240327;100458;294.16;10;9950053850;B
20240327;100458;294.16;910;9950053851;B
20240327;100458;294.17;420;9950053852;B
20240327;100500;294.18;10;9950054438;B
20240327;100500;294.19;400;9950054446;S
20240327;100500;294.18;190;9950054447;S
20240327;100500;294.18;350;9950054448;S
20240327;100500;294.18;1030;9950054449;S
20240327;100500;294.17;1030;9950054450;S
20240327;100501;294.2;160;9950054609;B
20240327;100501;294.18;100;9950054632;S
20240327;100502;294.2;750;9950054852;B
20240327;100502;294.2;20;9950054891;S
20240327;100503;294.21;50;9950054929;B
20240327;100503;294.21;20;9950054930;B
20240327;100503;294.22;680;9950054931;B
20240327;100503;294.22;320;9950054970;B
20240327;100504;294.23;10;9950055147;B
20240327;100504;294.23;50;9950055148;B
20240327;100504;294.23;10;9950055149;B
20240327;100504;294.25;120;9950055170;B
20240327;100504;294.25;420;9950055171;B
20240327;100504;294.26;100;9950055172;B
20240327;100504;294.26;420;9950055173;B
20240327;100504;294.27;10;9950055174;B
20240327;100505;294.26;400;9950055345;S
20240327;100505;294.27;10;9950055441;S
20240327;100506;294.28;20;9950055487;B
20240327;100510;294.29;20;9950056336;B
20240327;100511;294.28;190;9950056419;S
20240327;100511;294.29;150;9950056454;B
20240327;100511;294.28;10;9950056456;S
20240327;100511;294.28;200;9950056489;S
20240327;100511;294.28;10;9950056490;S
20240327;100511;294.28;20;9950056491;S
20240327;100511;294.28;1030;9950056492;S
20240327;100511;294.28;350;9950056493;S
20240327;100511;294.28;500;9950056494;S
20240327;100511;294.28;350;9950056495;S
20240327;100511;294.27;100;9950056496;S
20240327;100511;294.27;1630;9950056497;S
20240327;100512;294.28;420;9950056580;B
20240327;100512;294.28;330;9950056596;S
20240327;100512;294.28;400;9950056597;S
20240327;100512;294.28;270;9950056598;S
20240327;100512;294.28;400;9950056629;S
20240327;100512;294.28;10;9950056651;S
20240327;100514;294.29;60;9950056950;B
20240327;100515;294.29;10;9950057072;B
20240327;100515;294.29;2990;9950057134;B
20240327;100515;294.29;420;9950057135;B
20240327;100515;294.3;1000;9950057136;B
20240327;100515;294.3;420;9950057137;B
20240327;100515;294.3;4000;9950057138;B
20240327;100515;294.31;420;9950057139;B
20240327;100515;294.32;750;9950057140;B
20240327;100515;294.32;420;9950057141;B
20240327;100515;294.33;590;9950057142;B
20240327;100516;294.34;10;9950057199;B
20240327;100516;294.34;10;9950057300;B
20240327;100517;294.33;320;9950057389;S
20240327;100518;294.33;40;9950057488;S
20240327;100518;294.33;30;9950057520;S
20240327;100520;294.34;10;9950057878;B
20240327;100521;294.34;70;9950058098;B
20240327;100521;294.34;50;9950058099;B
20240327;100521;294.34;420;9950058100;B
20240327;100521;294.34;10;9950058101;B
20240327;100522;294.35;400;9950058142;B
20240327;100522;294.35;10;9950058225;B
20240327;100526;294.34;20;9950058917;S
20240327;100529;294.35;20;9950059553;B
20240327;100530;294.34;10;9950059728;S
20240327;100533;294.34;10;9950060338;S
20240327;100535;294.34;30;9950060596;S
20240327;100535;294.35;20;9950060657;B
20240327;100535;294.35;20;9950060728;B
20240327;100535;294.35;680;9950060733;B
20240327;100536;294.35;10;9950060757;B
20240327;100536;294.34;10;9950060779;S
20240327;100537;294.35;330;9950061004;B
20240327;100537;294.35;10;9950061067;B
20240327;100538;294.35;30;9950061144;B
20240327;100538;294.35;10;9950061145;B
20240327;100538;294.35;10;9950061146;B
20240327;100538;294.35;10;9950061147;B
20240327;100538;294.36;70;9950061148;B
20240327;100538;294.37;250;9950061149;B
20240327;100538;294.37;420;9950061150;B
20240327;100538;294.37;910;9950061151;B
20240327;100538;294.38;200;9950061152;B
20240327;100538;294.38;750;9950061153;B
20240327;100538;294.38;420;9950061154;B
20240327;100538;294.39;10;9950061155;B
20240327;100538;294.39;10;9950061156;B
20240327;100538;294.39;100;9950061157;B
20240327;100538;294.39;50;9950061158;B
20240327;100538;294.39;750;9950061159;B
20240327;100538;294.39;20;9950061160;B
20240327;100538;294.39;420;9950061161;B
20240327;100538;294.4;5000;9950061162;B
20240327;100538;294.4;100;9950061163;B
20240327;100538;294.4;460;9950061164;B
20240327;100538;294.38;40;9950061355;S
20240327;100539;294.4;10;9950061604;B
20240327;100539;294.37;540;9950061605;S
20240327;100539;294.36;400;9950061606;S
20240327;100539;294.36;60;9950061607;S
20240327;100543;294.36;400;9950062520;S
20240327;100543;294.35;350;9950062521;S
20240327;100543;294.35;350;9950062522;S
20240327;100543;294.35;500;9950062604;B
20240327;100544;294.35;80;9950062683;B
20240327;100544;294.34;10;9950062709;S
20240327;100548;294.35;40;9950063606;B
20240327;100548;294.35;10;9950063632;B
20240327;100549;294.35;50;9950063674;B
20240327;100549;294.35;10;9950063725;B
20240327;100549;294.34;170;9950063727;S
20240327;100549;294.34;400;9950063728;S
20240327;100550;294.33;30;9950063880;S
20240327;100550;294.33;70;9950063904;S
20240327;100550;294.33;400;9950063905;S
20240327;100550;294.31;420;9950063906;S
20240327;100550;294.31;350;9950063907;S
20240327;100550;294.31;910;9950063908;S
20240327;100550;294.3;750;9950063909;S
20240327;100550;294.3;420;9950063910;S
20240327;100550;294.29;680;9950063911;S
20240327;100551;294.34;10;9950063991;B
20240327;100551;294.34;10;9950064145;B
20240327;100552;294.34;10;9950064189;B
20240327;100553;294.34;300;9950064336;B
20240327;100554;294.3;400;9950064626;S
20240327;100554;294.3;420;9950064627;S
20240327;100554;294.29;180;9950064628;S
20240327;100557;294.33;400;9950065153;B
20240327;100557;294.34;100;9950065154;B
20240327;100557;294.34;1030;9950065155;B
20240327;100557;294.34;350;9950065156;B
20240327;100557;294.34;350;9950065157;B
20240327;100557;294.35;370;9950065158;B
20240327;100558;294.33;30;9950065389;B
20240327;100559;294.33;60;9950065425;B
20240327;100559;294.33;10;9950065497;B
20240327;100600;294.33;20;9950065847;B
20240327;100601;294.29;10;9950065865;S
20240327;100601;294.29;10;9950065866;S
20240327;100601;294.28;30;9950065867;S
20240327;100601;294.28;390;9950065899;S
20240327;100601;294.27;1040;9950065900;S
20240327;100603;294.27;20;9950066334;S
20240327;100605;294.33;20;9950066801;B
20240327;100606;294.33;10;9950066917;B
20240327;100606;294.28;10;9950067000;S
20240327;100606;294.28;500;9950067023;S
20240327;100606;294.33;100;9950067038;B
20240327;100607;294.33;10;9950067264;B
20240327;100608;294.33;260;9950067378;B
20240327;100608;294.34;240;9950067379;B
20240327;100608;294.33;50;9950067401;B
20240327;100610;294.28;210;9950067847;S
20240327;100611;294.28;150;9950068001;S
20240327;100616;294.3;40;9950069279;B
20240327;100617;294.3;960;9950069432;B
20240327;100617;294.3;40;9950069433;B
20240327;100618;294.33;10;9950069556;B
20240327;100619;294.34;10;9950069712;B
20240327;100619;294.33;10;9950069817;S
20240327;100619;294.31;190;9950069818;S
20240327;100621;294.31;200;9950069996;S
20240327;100621;294.29;10;9950069997;S
20240327;100621;294.29;400;9950069998;S
20240327;100621;294.28;130;9950069999;S
20240327;100621;294.28;20;9950070000;S
20240327;100621;294.28;240;9950070001;S
20240327;100621;294.35;10;9950070081;B
20240327;100622;294.35;830;9950070165;B
20240327;100622;294.35;20;9950070166;B
20240327;100622;294.36;90;9950070167;B
20240327;100622;294.28;100;9950070222;S
20240327;100622;294.29;70;9950070229;S
20240327;100627;294.3;10;9950071080;B
20240327;100628;294.29;20;9950071255;S
20240327;100628;294.29;50;9950071359;S
20240327;100630;294.3;50;9950071763;B
20240327;100636;294.3;560;9950072692;B
20240327;100636;294.3;10;9950072716;B
20240327;100638;294.29;40;9950073061;S
20240327;100639;294.3;100;9950073318;B
20240327;100639;294.29;10;9950073321;S
20240327;100640;294.29;10;9950073384;S
20240327;100640;294.3;3000;9950073511;B
20240327;100641;294.29;10;9950073595;S
20240327;100641;294.3;10;9950073596;B
20240327;100641;294.3;110;9950073609;B
20240327;100641;294.3;10;9950073659;B
20240327;100642;294.29;60;9950073800;S
20240327;100642;294.29;10;9950073801;S
20240327;100643;294.3;10;9950073930;B
20240327;100643;294.3;10;9950073953;B
20240327;100645;294.3;10;9950074150;B
20240327;100645;294.3;70;9950074188;B
20240327;100645;294.3;200;9950074243;B
20240327;100646;294.3;840;9950074292;B
20240327;100646;294.3;400;9950074293;B
20240327;100646;294.3;280;9950074294;B
20240327;100646;294.3;20;9950074366;B
20240327;100646;294.3;100;9950074367;B
20240327;100646;294.3;1400;9950074368;B
20240327;100647;294.3;10;9950074479;B
20240327;100647;294.3;1520;9950074513;B
20240327;100648;294.3;1040;9950074584;B
20240327;100649;294.3;400;9950074812;B
20240327;100649;294.29;50;9950074824;S
20240327;100649;294.29;250;9950074825;S
20240327;100649;294.29;200;9950074826;S
20240327;100650;294.29;10;9950074977;B
20240327;100651;294.29;40;9950075074;B
20240327;100651;294.29;140;9950075198;B
20240327;100654;294.28;10;9950075580;S
20240327;100656;294.28;20;9950075844;S
20240327;100658;294.29;10;9950076270;B
20240327;100659;294.28;10;9950076330;S
20240327;100659;294.28;910;9950076331;S
20240327;100659;294.27;80;9950076332;S
20240327;100659;294.29;300;9950076393;B
20240327;100659;294.29;20;9950076394;B
20240327;100659;294.29;250;9950076395;B
20240327;100659;294.29;230;9950076396;B
20240327;100700;294.28;80;9950076425;S
20240327;100702;294.3;10;9950077082;B
20240327;100705;294.28;210;9950077590;B
20240327;100705;294.3;50;9950077591;B
20240327;100705;294.27;20;9950077595;S
20240327;100707;294.3;10;9950077855;B
20240327;100709;294.29;400;9950078274;B
20240327;100709;294.3;330;9950078275;B
20240327;100709;294.27;10;9950078470;S
20240327;100709;294.27;10;9950078498;S
20240327;100709;294.27;20;9950078499;S
20240327;100710;294.29;10;9950078706;B
20240327;100711;294.29;10;9950078805;B
20240327;100712;294.29;60;9950079002;B
20240327;100712;294.28;10;9950079011;S
20240327;100712;294.28;10;9950079135;S
20240327;100712;294.28;10;9950079136;S
20240327;100712;294.27;190;9950079137;S
20240327;100714;294.28;10;9950079364;B
20240327;100716;294.27;30;9950079934;S
20240327;100717;294.28;40;9950080154;B
20240327;100718;294.28;10;9950080437;B
20240327;100719;294.27;330;9950080487;S
20240327;100719;294.27;170;9950080488;S
20240327;100720;294.27;40;9950080681;S
20240327;100720;294.28;10;9950080686;B
20240327;100720;294.27;10;9950080738;S
20240327;100724;294.27;30;9950081399;S
20240327;100724;294.27;70;9950081400;S
20240327;100724;294.26;10;9950081401;S
20240327;100724;294.25;100;9950081402;S
20240327;100724;294.25;350;9950081403;S
20240327;100724;294.25;10;9950081404;S
20240327;100724;294.25;200;9950081405;S
20240327;100726;294.21;10;9950081968;B
20240327;100727;294.21;30;9950082175;B
20240327;100728;294.2;10;9950082225;S
20240327;100728;294.2;30;9950082226;S
20240327;100729;294.18;50;9950082306;S
20240327;100729;294.18;730;9950082329;S
20240327;100729;294.18;50;9950082330;S
20240327;100729;294.17;50;9950082331;S
20240327;100729;294.17;10;9950082332;S
20240327;100729;294.17;200;9950082333;S
20240327;100729;294.16;50;9950082334;S
20240327;100729;294.16;10;9950082335;S
20240327;100729;294.15;10;9950082336;S
20240327;100729;294.15;750;9950082337;S
20240327;100729;294.15;420;9950082338;S
20240327;100729;294.14;720;9950082339;S
20240327;100729;294.14;10;9950082375;S
20240327;100731;294.15;200;9950082614;B
20240327;100733;294.14;10;9950083107;S
20240327;100735;294.15;50;9950083496;B
20240327;100736;294.15;100;9950083597;B
20240327;100737;294.15;10;9950083697;B
20240327;100737;294.15;30;9950083710;B
20240327;100738;294.15;10;9950083821;B
20240327;100738;294.14;210;9950083951;S
20240327;100741;294.24;30;9950084327;B
20240327;100742;294.23;100;9950084404;S
20240327;100742;294.23;10;9950084416;S
20240327;100742;294.24;330;9950084454;B
20240327;100743;294.24;670;9950084574;B
20240327;100743;294.25;110;9950084575;B
20240327;100744;294.25;700;9950084886;B
20240327;100745;294.23;110;9950084943;S
20240327;100745;294.25;20;9950084968;B
20240327;100745;294.23;20;9950084991;S
20240327;100746;294.23;30;9950085132;S
20240327;100747;294.23;20;9950085447;S
20240327;100747;294.23;10;9950085470;S
20240327;100749;294.24;50;9950085845;S
20240327;100750;294.25;10;9950085896;B
20240327;100753;294.22;60;9950086267;S
20240327;100753;294.23;10;9950086270;B
20240327;100753;294.25;10;9950086271;B
20240327;100754;294.22;10;9950086327;S
20240327;100755;294.2;100;9950086474;S
20240327;100755;294.2;140;9950086475;S
20240327;100755;294.2;350;9950086476;S
20240327;100755;294.24;10;9950086498;B
20240327;100757;294.24;150;9950086723;B
20240327;100757;294.2;50;9950086737;S
20240327;100759;294.25;170;9950087056;B
20240327;100800;294.22;100;9950087186;S
20240327;100800;294.22;500;9950087187;S
20240327;100800;294.21;350;9950087188;S
20240327;100800;294.21;50;9950087189;S
20240327;100800;294.24;10;9950087228;B
20240327;100800;294.24;990;9950087303;B
20240327;100800;294.24;400;9950087304;B
20240327;100800;294.25;1210;9950087305;B
20240327;100800;294.25;420;9950087306;B
20240327;100800;294.26;420;9950087307;B
20240327;100801;294.26;10;9950087354;S
20240327;100801;294.26;10;9950087363;S
20240327;100802;294.26;20;9950087451;S
20240327;100805;294.27;8000;9950087972;B
20240327;100805;294.27;400;9950087973;B
20240327;100805;294.27;10;9950087974;B
20240327;100805;294.27;10;9950087975;B
20240327;100805;294.27;10;9950087976;B
20240327;100805;294.27;10;9950087977;B
20240327;100805;294.27;10;9950087978;B
20240327;100805;294.27;10;9950087979;B
20240327;100805;294.27;10;9950087980;B
20240327;100805;294.28;30;9950087981;B
20240327;100805;294.28;500;9950087982;B
20240327;100806;294.26;720;9950088150;S
20240327;100806;294.26;10;9950088151;S
20240327;100806;294.26;10;9950088152;S
20240327;100806;294.26;10;9950088153;S
20240327;100806;294.26;200;9950088154;S
20240327;100806;294.26;400;9950088155;S
20240327;100806;294.26;500;9950088156;S
20240327;100806;294.24;350;9950088157;S
20240327;100806;294.24;510;9950088158;S
20240327;100809;294.28;10;9950088723;B
20240327;100810;294.28;50;9950088777;B
20240327;100811;294.28;10;9950088949;B
20240327;100811;294.27;30;9950088950;S
20240327;100814;294.27;70;9950089360;S
20240327;100814;294.26;20;9950089402;B
20240327;100817;294.26;400;9950089800;B
20240327;100817;294.26;500;9950089801;B
20240327;100817;294.27;930;9950089802;B
20240327;100817;294.27;500;9950089803;B
20240327;100817;294.27;420;9950089804;B
20240327;100817;294.28;430;9950089805;B
20240327;100817;294.28;10;9950089806;B
20240327;100817;294.28;420;9950089807;B
20240327;100817;294.28;250;9950089808;B
20240327;100817;294.28;500;9950089809;B
20240327;100817;294.29;420;9950089810;B
20240327;100817;294.29;500;9950089811;B
20240327;100817;294.3;230;9950089812;B
20240327;100817;294.3;100;9950089813;B
20240327;100817;294.3;30;9950089814;B
20240327;100817;294.3;3360;9950089815;B
20240327;100818;294.29;10;9950089946;B
20240327;100819;294.25;20;9950090042;S
20240327;100820;294.29;100;9950090191;B
20240327;100821;294.26;20;9950090457;S
20240327;100822;294.26;20;9950090588;S
20240327;100823;294.29;10;9950090650;B
20240327;100823;294.26;30;9950090656;S
20240327;100823;294.29;130;9950090730;B
20240327;100824;294.29;150;9950090777;B
20240327;100824;294.29;500;9950090778;B
20240327;100824;294.3;150;9950090779;B
20240327;100825;294.26;10;9950091052;S
20240327;100826;294.25;80;9950091129;S
20240327;100826;294.25;420;9950091131;B
20240327;100826;294.25;300;9950091132;B
20240327;100826;294.26;270;9950091133;B
20240327;100826;294.28;10;9950091134;B
20240327;100826;294.28;40;9950091167;B
20240327;100827;294.28;10;9950091234;S
20240327;100827;294.25;350;9950091235;S
20240327;100827;294.24;50;9950091236;S
20240327;100827;294.24;400;9950091237;S
20240327;100827;294.22;140;9950091238;S
20240327;100827;294.24;10;9950091326;B
20240327;100827;294.23;40;9950091347;S
20240327;100828;294.23;960;9950091350;S
20240327;100828;294.23;40;9950091351;S
20240327;100828;294.24;60;9950091352;S
20240327;100828;294.23;310;9950091353;S
20240327;100828;294.23;330;9950091354;S
20240327;100829;294.28;10;9950091572;B
20240327;100829;294.28;150;9950091586;B
20240327;100831;294.28;20;9950091821;B
20240327;100831;294.26;10;9950091841;S
20240327;100831;294.26;10;9950091855;S
20240327;100834;294.29;130;9950092362;B
20240327;100834;294.3;270;9950092363;B
20240327;100834;294.28;200;9950092364;S
20240327;100835;294.28;830;9950092514;S
20240327;100835;294.28;350;9950092515;S
20240327;100835;294.27;30;9950092516;S
20240327;100835;294.27;790;9950092517;S
20240327;100836;294.27;20;9950092674;S
20240327;100837;294.3;260;9950092797;B
20240327;100837;294.3;90;9950092890;B
20240327;100838;294.3;30;9950093004;B
20240327;100839;294.28;40;9950093070;S
20240327;100841;294.28;100;9950093263;S
20240327;100842;294.3;20;9950093568;B
20240327;100842;294.29;10;9950093573;S
20240327;100844;294.29;100;9950093822;S
20240327;100850;294.3;570;9950094589;B
20240327;100851;294.3;10;9950094712;B
20240327;100853;294.3;10;9950095005;B
20240327;100857;294.29;80;9950095585;S
20240327;100857;294.3;10;9950095610;B
20240327;100857;294.3;20;9950095652;B
20240327;100901;294.3;10;9950096142;B
20240327;100902;294.3;190;9950096345;B
20240327;100902;294.3;210;9950096346;B
20240327;100902;294.3;2080;9950096351;B
20240327;100902;294.3;270;9950096376;B
20240327;100903;294.3;10;9950096498;B
20240327;100903;294.29;60;9950096500;S
20240327;100904;294.29;750;9950096636;S
20240327;100904;294.29;200;9950096637;S
20240327;100904;294.26;400;9950096638;S
20240327;100904;294.25;20;9950096639;S
20240327;100904;294.3;10;9950096699;B
20240327;100905;294.29;50;9950096818;S
20240327;100906;294.3;20;9950097032;B
20240327;100907;294.29;10;9950097140;S
20240327;100907;294.28;1000;9950097141;S
20240327;100907;294.27;1030;9950097142;S
20240327;100907;294.27;110;9950097143;S
20240327;100908;294.3;10;9950097186;B
20240327;100908;294.3;60;9950097202;B
20240327;100908;294.29;10;9950097269;S
20240327;100911;294.29;200;9950097561;S
20240327;100911;294.3;7490;9950097586;B
20240327;100911;294.3;100;9950097587;B
20240327;100911;294.3;70;9950097588;B
20240327;100911;294.29;20;9950097612;B
20240327;100912;294.26;10;9950097691;S
20240327;100914;294.28;350;9950097949;B
20240327;100914;294.29;100;9950097950;B
20240327;100916;294.27;10;9950098168;S
20240327;100918;294.29;10;9950098495;B
20240327;100918;294.29;60;9950098584;B
20240327;100922;294.29;100;9950098911;B
20240327;100922;294.29;50;9950098981;B
20240327;100924;294.29;20;9950099252;B
20240327;100925;294.28;100;9950099375;S
20240327;100926;294.29;640;9950099484;B
20240327;100926;294.3;3360;9950099485;B
20240327;100932;294.3;10;9950100247;B
20240327;100932;294.3;20;9950100268;B
20240327;100938;294.29;120;9950101016;S
20240327;100938;294.29;280;9950101054;S
20240327;100938;294.29;20;9950101055;S
20240327;100941;294.29;10;9950101449;S
20240327;100941;294.29;30;9950101450;S
20240327;100942;294.3;7540;9950101597;B
20240327;100942;294.3;280;9950101598;B
20240327;100942;294.3;180;9950101599;B
20240327;100944;294.29;10;9950101899;S
20240327;100944;294.29;10;9950101942;S
20240327;100945;294.3;100;9950102007;B
20240327;100945;294.29;50;9950102051;S
20240327;100945;294.29;490;9950102052;S
20240327;100945;294.29;30;9950102053;S
20240327;100945;294.29;10;9950102054;S
20240327;100945;294.27;20;9950102055;S
20240327;100945;294.27;10;9950102056;S
20240327;100946;294.29;10;9950102163;B
20240327;100946;294.29;110;9950102184;B
20240327;100947;294.28;50;9950102376;S
20240327;100949;294.29;10;9950102556;B
20240327;100950;294.29;200;9950102740;B
20240327;100954;294.29;20;9950103315;B
20240327;100954;294.29;10;9950103395;B
20240327;100956;294.29;10;9950103625;B
20240327;100956;294.28;50;9950103705;S
20240327;100956;294.28;100;9950103706;S
20240327;100956;294.27;40;9950103707;S
20240327;100956;294.25;60;9950103708;S
20240327;100958;294.24;150;9950103996;S
20240327;100959;294.26;100;9950104168;B
20240327;101001;294.25;100;9950104636;S
20240327;101001;294.24;10;9950104637;S
20240327;101001;294.26;10;9950104819;B
20240327;101004;294.26;20;9950105264;B
20240327;101004;294.26;80;9950105265;B
20240327;101006;294.26;10;9950105584;B
20240327;101008;294.26;10;9950105884;B
20240327;101009;294.26;10;9950106208;B
20240327;101010;294.25;10;9950106258;S
20240327;101010;294.25;50;9950106437;S
20240327;101011;294.26;80;9950106521;B
20240327;101011;294.26;10;9950106666;B
20240327;101011;294.26;10;9950106667;B
20240327;101012;294.26;30;9950106677;S
20240327;101012;294.28;10;9950106698;B
20240327;101013;294.27;60;9950106836;S
20240327;101013;294.29;10;9950106845;B
20240327;101015;294.29;20;9950107183;B
20240327;101015;294.28;90;9950107185;S
20240327;101016;294.29;10;9950107201;B
20240327;101016;294.28;20;9950107307;S
20240327;101017;294.28;60;9950107386;S
20240327;101018;294.28;100;9950107557;S
20240327;101021;294.29;10;9950108062;B
20240327;101022;294.28;10;9950108247;S
20240327;101022;294.28;90;9950108394;S
20240327;101022;294.29;20;9950108399;B
20240327;101022;294.29;140;9950108400;B
20240327;101029;294.28;20;9950109367;S
20240327;101030;294.29;10;9950109455;B
20240327;101031;294.29;10;9950109609;B
20240327;101031;294.29;30;9950109689;B
20240327;101033;294.29;10;9950110008;B
20240327;101033;294.28;10;9950110015;S
20240327;101036;294.29;30;9950110408;B
20240327;101036;294.28;170;9950110438;S
20240327;101036;294.28;100;9950110439;S
20240327;101036;294.28;60;9950110440;S
20240327;101037;294.28;20;9950110565;S
20240327;101037;294.29;20;9950110605;B
20240327;101038;294.29;350;9950110770;B
20240327;101039;294.29;50;9950110932;B
20240327;101040;294.29;130;9950111286;B
20240327;101040;294.28;50;9950111322;S
20240327;101041;294.29;10;9950111601;B
20240327;101044;294.28;70;9950111995;S
20240327;101044;294.28;100;9950111996;S
20240327;101045;294.28;100;9950112094;S
20240327;101045;294.28;200;9950112095;S
20240327;101045;294.28;100;9950112096;S
20240327;101045;294.28;500;9950112097;S
20240327;101045;294.28;210;9950112098;S
20240327;101045;294.29;1500;9950112101;B
20240327;101045;294.28;10;9950112102;S
20240327;101045;294.28;80;9950112164;S
20240327;101045;294.28;20;9950112165;S
20240327;101046;294.29;10;9950112436;B
20240327;101046;294.29;10;9950112447;B
20240327;101048;294.28;70;9950112752;S
20240327;101048;294.28;10;9950112780;S
20240327;101050;294.29;10;9950112967;B
20240327;101050;294.29;20;9950112973;B
20240327;101053;294.29;100;9950113580;B
20240327;101054;294.29;10;9950113825;B
20240327;101057;294.29;10;9950114179;B
20240327;101057;294.28;100;9950114253;S
20240327;101057;294.28;500;9950114254;S
20240327;101057;294.28;10;9950114255;S
20240327;101057;294.28;500;9950114256;S
20240327;101057;294.28;500;9950114257;S
20240327;101057;294.28;910;9950114258;S
20240327;101057;294.28;10;9950114259;S
20240327;101057;294.28;250;9950114260;S
20240327;101059;294.28;110;9950114541;B
20240327;101100;294.28;10;9950114843;B
20240327;101101;294.28;100;9950115014;B
20240327;101101;294.28;80;9950115015;B
20240327;101101;294.27;210;9950115041;S
20240327;101101;294.28;1370;9950115072;B
20240327;101102;294.27;100;9950115213;S
20240327;101102;294.28;50;9950115277;B
20240327;101103;294.28;10;9950115369;B
20240327;101103;294.27;190;9950115372;S
20240327;101103;294.27;10;9950115373;S
20240327;101103;294.28;10;9950115408;B
20240327;101104;294.28;90;9950115545;B
20240327;101105;294.27;30;9950115700;S
20240327;101108;294.27;380;9950116080;S
20240327;101109;294.27;50;9950116316;S
20240327;101111;294.26;10;9950116597;S
20240327;101111;294.26;20;9950116598;S
20240327;101111;294.26;10;9950116599;S
20240327;101111;294.26;250;9950116600;S
20240327;101112;294.25;420;9950116705;S
20240327;101112;294.24;860;9950116706;S
20240327;101114;294.25;20;9950117036;S
20240327;101114;294.25;40;9950117176;S
20240327;101115;294.26;10;9950117257;B
20240327;101117;294.26;200;9950117509;B
20240327;101119;294.25;90;9950117938;S
20240327;101120;294.26;30;9950117953;B
20240327;101120;294.25;70;9950118003;S
20240327;101120;294.25;100;9950118069;S
20240327;101121;294.26;10;9950118120;B
20240327;101122;294.25;10;9950118334;B
20240327;101123;294.25;10;9950118541;B
20240327;101124;294.25;70;9950118714;B
20240327;101127;294.25;20;9950119166;B
20240327;101131;294.24;700;9950119671;S
20240327;101131;294.25;10;9950119702;B
20240327;101132;294.24;5000;9950119820;S
20240327;101132;294.25;50;9950119859;B
20240327;101133;294.25;10;9950120023;B
20240327;101133;294.25;1360;9950120063;B
20240327;101134;294.25;10;9950120162;B
20240327;101134;294.25;600;9950120226;B
20240327;101134;294.25;100;9950120280;B
20240327;101135;294.25;30;9950120383;B
20240327;101136;294.25;10;9950120517;B
20240327;101137;294.24;110;9950120671;S
20240327;101137;294.24;1700;9950120688;S
20240327;101137;294.24;10;9950120689;S
20240327;101137;294.24;200;9950120690;S
20240327;101137;294.23;90;9950120691;S
20240327;101139;294.23;20;9950121064;B
20240327;101142;294.23;70;9950121426;B
20240327;101142;294.22;10;9950121480;S
20240327;101142;294.22;90;9950121481;S
20240327;101142;294.22;30;9950121482;S
20240327;101142;294.21;420;9950121483;S
20240327;101142;294.2;500;9950121484;S
20240327;101142;294.2;420;9950121485;S
20240327;101142;294.2;10;9950121486;S
20240327;101142;294.2;10;9950121487;S
20240327;101142;294.2;20;9950121488;S
20240327;101142;294.2;10;9950121489;S
20240327;101142;294.2;3480;9950121490;S
20240327;101151;294.21;60;9950122994;B
20240327;101154;294.2;70;9950123407;S
20240327;101155;294.2;4500;9950123632;S
20240327;101155;294.2;260;9950123633;S
20240327;101156;294.2;20;9950123672;S
20240327;101156;294.2;20;9950123719;S
20240327;101157;294.2;40;9950123755;S
20240327;101157;294.2;40;9950123786;S
20240327;101157;294.21;50;9950123832;B
20240327;101157;294.21;110;9950123833;B
20240327;101158;294.21;1040;9950123855;B
20240327;101158;294.21;250;9950123856;B
20240327;101158;294.21;410;9950123857;B
20240327;101158;294.21;90;9950123873;B
20240327;101158;294.21;400;9950123874;B
20240327;101158;294.21;1710;9950123875;B
20240327;101158;294.21;10;9950123913;B
20240327;101159;294.21;10;9950124029;B
20240327;101200;294.2;1000;9950124213;S
20240327;101200;294.21;10;9950124271;B
20240327;101201;294.2;120;9950124301;S
20240327;101201;294.21;80;9950124321;B
20240327;101201;294.21;240;9950124383;B
20240327;101201;294.21;360;9950124384;B
20240327;101205;294.2;20;9950124988;S
20240327;101207;294.2;330;9950125252;S
20240327;101210;294.21;20;9950125706;B
20240327;101213;294.23;20;9950126103;B
20240327;101215;294.23;80;9950126471;B
20240327;101215;294.23;120;9950126472;B
20240327;101215;294.23;10;9950126507;B
20240327;101216;294.22;350;9950126603;S
20240327;101216;294.22;150;9950126604;S
20240327;101217;294.23;10;9950126748;B
20240327;101219;294.23;10;9950126933;B
20240327;101220;294.23;10;9950127144;B
20240327;101224;294.23;30;9950127639;B
20240327;101229;294.22;100;9950128421;S
20240327;101230;294.23;100;9950128675;B
20240327;101230;294.23;110;9950128676;B
20240327;101230;294.25;10;9950128677;B
20240327;101231;294.24;60;9950128716;S
20240327;101232;294.24;10;9950128849;S
20240327;101232;294.25;400;9950128973;B
20240327;101233;294.24;370;9950129009;S
20240327;101233;294.24;10;9950129089;S
20240327;101233;294.24;10;9950129091;S
20240327;101234;294.24;350;9950129216;S
20240327;101234;294.25;60;9950129292;B
20240327;101234;294.25;100;9950129293;B
20240327;101234;294.25;200;9950129294;B
20240327;101234;294.25;100;9950129295;B
20240327;101234;294.25;200;9950129297;B
20240327;101234;294.25;100;9950129298;B
20240327;101234;294.25;200;9950129299;B
20240327;101234;294.25;100;9950129300;B
20240327;101234;294.25;200;9950129301;B
20240327;101234;294.25;100;9950129302;B
20240327;101234;294.25;20;9950129329;B
20240327;101236;294.25;190;9950129682;B
20240327;101236;294.24;10;9950129737;S
20240327;101240;294.25;70;9950130356;B
20240327;101240;294.24;20;9950130436;S
20240327;101240;294.24;50;9950130437;S
20240327;101241;294.25;30;9950130477;B
20240327;101242;294.25;100;9950130576;B
20240327;101242;294.25;10;9950130592;B
20240327;101242;294.25;70;9950130639;B
20240327;101243;294.24;10;9950130839;S
20240327;101244;294.24;10;9950130962;S
20240327;101244;294.25;40;9950130989;B
20240327;101247;294.25;100;9950131404;B
20240327;101248;294.24;300;9950131507;S
20240327;101248;294.25;20;9950131540;B
20240327;101248;294.25;10;9950131631;B
20240327;101249;294.25;100;9950131741;B
20240327;101250;294.25;100;9950131840;B
20240327;101252;294.24;30;9950132246;S
20240327;101252;294.25;120;9950132264;B
20240327;101253;294.24;10;9950132323;S
20240327;101253;294.25;380;9950132373;B
20240327;101253;294.24;50;9950132385;S
20240327;101254;294.25;100;9950132579;B
20240327;101254;294.25;10;9950132593;B
20240327;101255;294.25;10;9950132650;B
20240327;101255;294.24;20;9950132698;S
20240327;101256;294.25;10;9950132754;B
20240327;101258;294.25;250;9950133300;B
20240327;101259;294.25;10;9950133393;B
20240327;101303;294.25;280;9950134013;B
20240327;101303;294.25;80;9950134107;B
20240327;101303;294.25;30;9950134126;B
20240327;101303;294.25;100;9950134127;B
20240327;101303;294.25;100;9950134128;B
20240327;101304;294.27;30;9950134216;B
20240327;101307;294.26;10;9950134857;S
20240327;101308;294.27;180;9950135065;B
20240327;101308;294.27;20;9950135066;B
20240327;101308;294.27;400;9950135068;S
20240327;101308;294.27;1030;9950135069;S
20240327;101308;294.27;500;9950135070;S
20240327;101308;294.27;1000;9950135071;S
20240327;101308;294.27;420;9950135072;S
20240327;101309;294.28;10;9950135100;B
20240327;101309;294.27;60;9950135104;S
20240327;101309;294.28;90;9950135218;B
20240327;101309;294.28;50;9950135219;B
20240327;101309;294.28;20;9950135220;B
20240327;101309;294.29;40;9950135221;B
20240327;101310;294.27;30;9950135295;S
20240327;101311;294.29;20;9950135437;B
20240327;101311;294.29;10;9950135452;B
20240327;101314;294.29;150;9950135831;B
20240327;101317;294.29;7320;9950136352;B
20240327;101317;294.29;10;9950136353;B
20240327;101317;294.29;30;9950136354;B
20240327;101317;294.29;2000;9950136355;B
20240327;101317;294.29;80;9950136356;B
20240327;101317;294.3;560;9950136357;B
20240327;101321;294.29;80;9950136843;S
20240327;101321;294.29;40;9950136886;S
20240327;101322;294.29;10;9950136977;S
20240327;101323;294.3;10;9950137032;B
20240327;101324;294.3;50;9950137154;B
20240327;101325;294.29;60;9950137373;S
20240327;101327;294.3;50;9950137771;B
20240327;101329;294.29;10;9950138017;S
20240327;101330;294.3;80;9950138084;B
20240327;101330;294.3;20;9950138124;B
20240327;101334;294.3;20;9950138756;B
20240327;101335;294.3;6480;9950138862;B
20240327;101335;294.3;30;9950138863;B
20240327;101335;294.3;5000;9950138864;B
20240327;101335;294.3;200;9950138865;B
20240327;101335;294.3;380;9950138866;B
20240327;101335;294.3;10;9950138867;B
20240327;101335;294.3;100;9950138868;B
20240327;101335;294.3;110;9950138869;B
20240327;101335;294.3;10;9950138870;B
20240327;101335;294.32;10;9950138874;S
20240327;101335;294.33;100;9950138888;B
20240327;101335;294.35;20;9950138889;B
20240327;101335;294.35;50;9950138890;B
20240327;101335;294.35;20;9950138891;B
20240327;101335;294.35;480;9950138924;B
20240327;101335;294.35;40;9950138931;S
20240327;101336;294.35;100;9950138951;S
20240327;101336;294.36;10;9950139026;B
20240327;101336;294.36;250;9950139027;B
20240327;101336;294.37;50;9950139028;B
20240327;101336;294.37;40;9950139029;B
20240327;101336;294.38;150;9950139030;B
20240327;101337;294.37;10;9950139129;S
20240327;101337;294.37;40;9950139153;S
20240327;101338;294.38;150;9950139246;B
20240327;101338;294.38;30;9950139294;B
20240327;101340;294.38;500;9950139616;B
20240327;101340;294.38;10;9950139617;B
20240327;101342;294.38;100;9950139757;B
20240327;101343;294.37;10;9950140026;S
20240327;101343;294.37;940;9950140063;S
20240327;101343;294.37;1030;9950140064;S
20240327;101343;294.37;2500;9950140065;S
20240327;101343;294.37;350;9950140066;S
20240327;101343;294.37;350;9950140067;S
20240327;101343;294.37;200;9950140068;S
20240327;101343;294.37;500;9950140069;S
20240327;101343;294.37;250;9950140070;S
20240327;101343;294.37;500;9950140071;S
20240327;101343;294.37;200;9950140072;S
20240327;101343;294.37;100;9950140073;S
20240327;101343;294.36;500;9950140074;S
20240327;101343;294.36;420;9950140075;S
20240327;101343;294.36;1000;9950140076;S
20240327;101343;294.36;500;9950140077;S
20240327;101343;294.36;500;9950140078;S
20240327;101343;294.35;420;9950140079;S
20240327;101343;294.35;500;9950140080;S
20240327;101343;294.35;200;9950140081;S
20240327;101343;294.35;250;9950140082;S
20240327;101343;294.35;400;9950140083;S
20240327;101343;294.34;420;9950140084;S
20240327;101343;294.34;500;9950140085;S
20240327;101343;294.34;1970;9950140086;S
20240327;101343;294.37;10;9950140128;B
20240327;101344;294.37;390;9950140228;B
20240327;101344;294.38;1080;9950140229;B
20240327;101344;294.38;500;9950140230;B
20240327;101344;294.38;20;9950140231;B
20240327;101344;294.39;30;9950140232;B
20240327;101345;294.38;30;9950140420;B
20240327;101347;294.39;70;9950140639;B
20240327;101347;294.39;50;9950140640;B
20240327;101347;294.4;30;9950140641;B
20240327;101347;294.4;50;9950140642;B
20240327;101347;294.39;30;9950140650;S
20240327;101348;294.4;50;9950140745;B
20240327;101348;294.4;10;9950140751;B
20240327;101348;294.39;40;9950140772;S
20240327;101348;294.39;430;9950140788;S
20240327;101349;294.39;10;9950140943;S
20240327;101349;294.4;10;9950140961;B
20240327;101350;294.39;10;9950141013;S
20240327;101350;294.4;90;9950141075;B
20240327;101350;294.4;200;9950141076;B
20240327;101350;294.4;20;9950141077;B
20240327;101350;294.4;300;9950141078;B
20240327;101350;294.4;20;9950141079;B
20240327;101350;294.41;200;9950141080;B
20240327;101350;294.41;10;9950141081;B
20240327;101350;294.42;160;9950141082;B
20240327;101351;294.42;50;9950141232;B
20240327;101351;294.42;10;9950141238;B
20240327;101352;294.42;10;9950141350;B
20240327;101352;294.41;50;9950141390;S
20240327;101353;294.41;30;9950141438;S
20240327;101353;294.41;240;9950141448;S
20240327;101353;294.42;10;9950141564;B
20240327;101355;294.42;40;9950141704;B
20240327;101355;294.42;10;9950141759;B
20240327;101357;294.42;10;9950142076;B
20240327;101357;294.41;10;9950142146;S
20240327;101357;294.42;160;9950142185;B
20240327;101358;294.42;540;9950142195;B
20240327;101358;294.42;250;9950142196;B
20240327;101358;294.43;420;9950142197;B
20240327;101358;294.43;790;9950142198;B
20240327;101358;294.42;1030;9950142233;S
20240327;101358;294.42;2500;9950142234;S
20240327;101358;294.42;350;9950142235;S
20240327;101358;294.42;350;9950142236;S
20240327;101358;294.42;500;9950142237;S
20240327;101358;294.42;400;9950142238;S
20240327;101358;294.42;670;9950142239;S
20240327;101400;294.42;30;9950142517;S
20240327;101400;294.42;20;9950142534;S
20240327;101402;294.42;40;9950142713;S
20240327;101402;294.43;30;9950142734;B
20240327;101402;294.43;10;9950142766;B
20240327;101403;294.43;60;9950142909;B
20240327;101403;294.42;200;9950142952;S
20240327;101406;294.42;50;9950143545;S
20240327;101407;294.43;30;9950143699;B
20240327;101409;294.43;10;9950143955;B
20240327;101409;294.43;160;9950144017;B
20240327;101409;294.43;180;9950144018;B
20240327;101409;294.44;410;9950144019;B
20240327;101409;294.44;30;9950144085;B
20240327;101411;294.44;500;9950144366;B
20240327;101413;294.44;20;9950144776;B
20240327;101413;294.43;40;9950144786;S
20240327;101413;294.43;500;9950144797;S
20240327;101414;294.44;10;9950144890;B
20240327;101414;294.44;30;9950144930;B
20240327;101414;294.45;3000;9950144931;B
20240327;101414;294.45;400;9950144932;B
20240327;101414;294.45;350;9950144933;B
20240327;101414;294.46;1800;9950144934;B
20240327;101414;294.46;100;9950144935;B
20240327;101414;294.46;700;9950144936;B
20240327;101414;294.46;190;9950144937;B
20240327;101414;294.47;750;9950144938;B
20240327;101414;294.47;250;9950144939;B
20240327;101414;294.47;400;9950144940;B
20240327;101414;294.47;50;9950144941;B
20240327;101414;294.47;300;9950144942;B
20240327;101414;294.47;50;9950144943;B
20240327;101414;294.47;110;9950144944;B
20240327;101414;294.47;140;9950144945;B
20240327;101415;294.45;100;9950145109;S
20240327;101415;294.46;30;9950145114;B
20240327;101416;294.46;300;9950145219;B
20240327;101418;294.45;200;9950145451;S
20240327;101418;294.45;200;9950145452;S
20240327;101419;294.44;910;9950145608;B
20240327;101419;294.45;50;9950145609;B
20240327;101419;294.45;40;9950145610;B
20240327;101421;294.44;40;9950146226;S
20240327;101421;294.44;10;9950146246;S
20240327;101422;294.44;360;9950146348;S
20240327;101423;294.45;2500;9950146429;B
20240327;101423;294.45;1000;9950146430;B
20240327;101423;294.45;400;9950146431;B
20240327;101423;294.46;500;9950146432;B
20240327;101423;294.46;200;9950146433;B
20240327;101423;294.47;200;9950146434;B
20240327;101423;294.47;200;9950146435;B
20240327;101423;294.44;10;9950146463;S
20240327;101423;294.46;10;9950146466;B
20240327;101423;294.46;10;9950146478;B
20240327;101423;294.46;10;9950146529;B
20240327;101425;294.45;10;9950146657;S
20240327;101428;294.46;100;9950147092;B
20240327;101428;294.46;420;9950147101;B
20240327;101431;294.45;10;9950147450;S
20240327;101432;294.46;100;9950147567;B
20240327;101433;294.46;100;9950147645;B
20240327;101433;294.46;100;9950147695;B
20240327;101434;294.46;10;9950147783;B
20240327;101434;294.46;10;9950147794;B
20240327;101434;294.45;10;9950147804;S
20240327;101435;294.46;160;9950147945;B
20240327;101435;294.47;340;9950147946;B
20240327;101436;294.47;10;9950147965;B
20240327;101436;294.47;3300;9950147991;B
20240327;101440;294.47;150;9950148605;B
20240327;101440;294.47;40;9950148606;B
20240327;101440;294.48;100;9950148607;B
20240327;101440;294.48;4710;9950148608;B
20240327;101440;294.48;100;9950148619;B
20240327;101440;294.48;10000;9950148633;B
20240327;101442;294.48;10;9950148833;B
20240327;101443;294.48;10;9950148948;B
20240327;101444;294.47;560;9950149077;S
20240327;101444;294.48;10;9950149080;B
20240327;101445;294.47;90;9950149163;S
20240327;101447;294.47;10;9950149430;S
20240327;101449;294.48;1900;9950149628;B
20240327;101449;294.47;10;9950149630;S
20240327;101451;294.48;10;9950149838;B
20240327;101452;294.48;10;9950149978;B
20240327;101453;294.47;10;9950150148;S
20240327;101453;294.48;10;9950150215;B
20240327;101454;294.48;10000;9950150287;B
20240327;101454;294.48;10;9950150306;B
20240327;101455;294.48;50;9950150386;B
20240327;101455;294.47;90;9950150416;S
20240327;101455;294.47;80;9950150417;S
20240327;101456;294.47;20;9950150518;S
20240327;101457;294.47;10;9950150612;S
20240327;101457;294.48;150;9950150766;B
20240327;101500;294.48;10;9950151180;B
20240327;101501;294.48;20;9950151366;B
20240327;101501;294.48;90;9950151395;B
20240327;101501;294.48;1900;9950151442;B
20240327;101501;294.48;200;9950151447;B
20240327;101501;294.48;10;9950151448;B
20240327;101501;294.48;20;9950151465;B
20240327;101502;294.47;610;9950151535;S
20240327;101502;294.47;100;9950151536;S
20240327;101502;294.47;290;9950151537;S
20240327;101502;294.48;10;9950151545;B
20240327;101503;294.48;500;9950151664;B
20240327;101503;294.48;10;9950151671;B
20240327;101503;294.47;350;9950151749;S
20240327;101503;294.48;2290;9950151753;B
20240327;101503;294.48;20;9950151773;B
20240327;101504;294.48;60;9950151869;B
20240327;101505;294.48;10;9950152123;B
20240327;101506;294.48;70;9950152236;B
20240327;101506;294.48;10;9950152262;B
20240327;101506;294.48;10;9950152335;B
20240327;101507;294.48;10;9950152412;B
20240327;101510;294.48;10;9950152847;B
20240327;101510;294.48;20;9950152911;B
20240327;101510;294.48;10;9950152962;B
20240327;101512;294.47;10;9950153304;S
20240327;101512;294.47;10;9950153309;S
20240327;101512;294.47;270;9950153328;S
20240327;101512;294.47;30;9950153348;S
20240327;101512;294.48;110;9950153359;B
20240327;101514;294.47;10;9950153691;S
20240327;101514;294.48;80;9950153874;B
20240327;101515;294.48;410;9950154086;B
20240327;101515;294.48;10;9950154110;B
20240327;101515;294.47;100;9950154134;S
20240327;101515;294.47;10;9950154147;S
20240327;101516;294.47;850;9950154188;S
20240327;101516;294.47;500;9950154189;S
20240327;101516;294.47;2500;9950154190;S
20240327;101516;294.47;10;9950154191;S
20240327;101516;294.47;500;9950154192;S
20240327;101516;294.47;50;9950154193;S
20240327;101516;294.47;220;9950154194;S
20240327;101516;294.47;350;9950154195;S
20240327;101516;294.46;10;9950154196;S
20240327;101516;294.46;20;9950154197;S
20240327;101516;294.46;2000;9950154198;S
20240327;101516;294.45;4430;9950154199;S
20240327;101516;294.46;10;9950154206;B
20240327;101516;294.46;30;9950154207;B
20240327;101516;294.46;10;9950154209;B
20240327;101516;294.46;10;9950154210;B
20240327;101516;294.46;20;9950154211;B
20240327;101516;294.46;40;9950154212;B
20240327;101517;294.45;10;9950154365;S
20240327;101517;294.45;10;9950154393;S
20240327;101517;294.46;10;9950154395;B
20240327;101517;294.46;20;9950154578;B
20240327;101517;294.45;10;9950154604;S
20240327;101518;294.45;10;9950154642;S
20240327;101518;294.45;10;9950154691;S
20240327;101518;294.45;10;9950154861;S
20240327;101519;294.45;90;9950154889;S
20240327;101519;294.45;60;9950155042;S
20240327;101520;294.46;30;9950155279;B
20240327;101521;294.45;10;9950155386;S
20240327;101521;294.45;10;9950155393;S
20240327;101521;294.45;50;9950155453;S
20240327;101521;294.46;10;9950155481;B
20240327;101522;294.45;20;9950155557;S
20240327;101522;294.45;10;9950155656;S
20240327;101522;294.45;10;9950155662;S
20240327;101523;294.45;240;9950155706;S
20240327;101523;294.45;10;9950155707;S
20240327;101523;294.44;10;9950155708;S
20240327;101523;294.44;10;9950155709;S
20240327;101523;294.43;30;9950155710;S
20240327;101523;294.43;400;9950155711;S
20240327;101523;294.44;30;9950155801;B
20240327;101523;294.44;10;9950155833;B
20240327;101524;294.43;20;9950156017;S
20240327;101524;294.42;10;9950156018;S
20240327;101525;294.43;10;9950156135;B
20240327;101525;294.43;150;9950156194;B
20240327;101525;294.43;10;9950156219;B
20240327;101525;294.43;20;9950156224;B
20240327;101526;294.42;10;9950156280;S
20240327;101526;294.43;10;9950156282;B
20240327;101526;294.43;320;9950156362;B
20240327;101526;294.43;140;9950156375;B
20240327;101526;294.43;430;9950156376;B
20240327;101527;294.43;20;9950156486;B
20240327;101527;294.42;10;9950156594;S
20240327;101528;294.42;10;9950156820;S
20240327;101528;294.43;10;9950156864;B
20240327;101528;294.43;10;9950156945;B
20240327;101529;294.42;10;9950157070;S
20240327;101530;294.43;200;9950157307;B
20240327;101530;294.43;40;9950157308;B
20240327;101530;294.43;100;9950157309;B
20240327;101530;294.43;10;9950157310;B
20240327;101530;294.43;2150;9950157311;B
20240327;101530;294.42;10;9950157384;S
20240327;101530;294.43;20;9950157393;B
20240327;101530;294.42;10;9950157477;S
20240327;101531;294.43;40;9950157609;B
20240327;101531;294.43;50;9950157684;B
20240327;101532;294.42;10;9950157797;S
20240327;101532;294.42;10;9950157920;S
20240327;101533;294.43;20;9950157967;B
20240327;101533;294.42;10;9950158004;S
20240327;101534;294.42;10;9950158195;S
20240327;101534;294.42;10;9950158211;S
20240327;101534;294.43;430;9950158236;B
20240327;101534;294.43;40;9950158237;B
20240327;101534;294.44;10;9950158238;B
20240327;101534;294.45;500;9950158239;B
20240327;101534;294.45;10;9950158240;B
20240327;101534;294.46;10;9950158241;B
20240327;101534;294.47;500;9950158242;B
20240327;101534;294.47;10;9950158243;B
20240327;101534;294.48;1840;9950158244;B
20240327;101534;294.47;40;9950158245;B
20240327;101534;294.47;10;9950158264;B
20240327;101534;294.48;10;9950158265;B
20240327;101534;294.48;20;9950158266;B
20240327;101534;294.45;10;9950158310;S
20240327;101534;294.48;10;9950158320;B
20240327;101535;294.45;100;9950158379;S
20240327;101535;294.48;80;9950158474;B
20240327;101536;294.48;30;9950158500;B
20240327;101536;294.48;30;9950158607;B
20240327;101536;294.48;70;9950158608;B
20240327;101536;294.45;10;9950158623;S
20240327;101536;294.45;80;9950158673;S
20240327;101536;294.48;10;9950158684;B
20240327;101537;294.48;10;9950158695;B
20240327;101537;294.48;600;9950158727;B
20240327;101537;294.48;500;9950158728;B
20240327;101537;294.48;940;9950158729;B
20240327;101537;294.48;10;9950158762;B
20240327;101537;294.48;10;9950158763;B
20240327;101538;294.45;100;9950158840;S
20240327;101538;294.48;2950;9950158892;B
20240327;101538;294.48;20;9950158900;B
20240327;101538;294.48;10;9950158901;B
20240327;101538;294.45;10;9950158979;S
20240327;101539;294.47;10;9950159096;S
20240327;101539;294.47;10;9950159153;S
20240327;101540;294.48;80;9950159171;B
20240327;101540;294.48;10;9950159291;B
20240327;101541;294.47;10;9950159480;S
20240327;101542;294.48;20;9950159628;B
20240327;101542;294.47;190;9950159707;S
20240327;101542;294.45;560;9950159708;S
20240327;101542;294.47;10;9950159727;B
20240327;101542;294.44;10;9950159742;S
20240327;101544;294.46;330;9950160086;B
20240327;101544;294.43;10;9950160120;S
20240327;101545;294.46;10;9950160139;B
20240327;101545;294.43;10;9950160209;S
20240327;101545;294.43;10;9950160219;S
20240327;101546;294.43;10;9950160292;S
20240327;101546;294.43;10;9950160324;S
20240327;101546;294.42;330;9950160325;S
20240327;101546;294.43;10;9950160342;B
20240327;101546;294.42;10;9950160460;S
20240327;101547;294.43;110;9950160539;B
20240327;101547;294.43;30;9950160687;B
20240327;101548;294.43;10;9950160773;B
20240327;101548;294.43;20;9950160781;B
20240327;101550;294.43;140;9950161002;B
20240327;101550;294.43;10;9950161074;B
20240327;101550;294.42;10;9950161116;S
20240327;101552;294.42;500;9950161516;S
20240327;101552;294.43;10;9950161522;B
20240327;101554;294.43;80;9950161829;B
20240327;101554;294.43;10;9950161921;B
20240327;101556;294.43;20;9950162171;B
20240327;101556;294.42;10;9950162286;S
20240327;101557;294.43;60;9950162323;B
20240327;101557;294.43;40;9950162324;B
20240327;101558;294.43;10;9950162547;B
20240327;101559;294.42;10;9950162760;S
20240327;101559;294.43;10;9950162876;B
20240327;101600;294.43;30;9950162991;B
20240327;101600;294.42;40;9950163100;S
20240327;101602;294.42;10;9950163351;S
20240327;101603;294.42;20;9950163585;S
20240327;101603;294.42;20;9950163692;S
20240327;101606;294.43;30;9950164655;B
20240327;101606;294.42;50;9950164678;S
20240327;101606;294.42;110;9950164791;S
20240327;101609;294.43;30;9950165396;B
20240327;101609;294.43;100;9950165445;B
20240327;101609;294.42;10;9950165467;S
20240327;101610;294.42;10;9950165561;S
20240327;101610;294.43;30;9950165616;B
20240327;101611;294.42;8750;9950165792;S
20240327;101611;294.42;30;9950165793;S
20240327;101611;294.42;100;9950165794;S
20240327;101611;294.42;500;9950165795;S
20240327;101611;294.42;20;9950165796;S
20240327;101611;294.42;10;9950165797;S
20240327;101611;294.42;590;9950165798;S
20240327;101611;294.42;10;9950165800;S
20240327;101611;294.42;110;9950165801;S
20240327;101611;294.42;510;9950165802;S
20240327;101611;294.42;50;9950165803;S
20240327;101611;294.43;90;9950165829;B
20240327;101611;294.43;10;9950165830;B
20240327;101611;294.43;10;9950165831;B
20240327;101611;294.42;20;9950165929;S
20240327;101612;294.42;30;9950166145;S
20240327;101612;294.42;90;9950166146;S
20240327;101615;294.43;1520;9950166689;B
20240327;101615;294.43;20;9950166706;B
20240327;101615;294.43;10;9950166725;B
20240327;101615;294.43;10;9950166753;B
20240327;101616;294.43;50;9950166906;B
20240327;101616;294.43;300;9950166907;B
20240327;101616;294.42;10;9950167113;S
20240327;101617;294.42;10;9950167330;S
20240327;101617;294.42;10;9950167341;S
20240327;101617;294.42;10;9950167423;S
20240327;101620;294.42;100;9950168078;S
20240327;101621;294.42;10;9950168383;S
20240327;101621;294.42;10;9950168402;S
20240327;101622;294.42;130;9950168469;S
20240327;101622;294.43;10;9950168482;B
20240327;101622;294.42;110;9950168508;S
20240327;101622;294.43;20;9950168621;B
20240327;101623;294.43;10;9950168711;B
20240327;101623;294.42;10;9950168799;S
20240327;101623;294.43;10;9950168801;B
20240327;101624;294.42;70;9950168867;S
20240327;101625;294.42;10;9950169081;S
20240327;101625;294.43;10;9950169227;B
20240327;101625;294.42;10;9950169281;S
20240327;101626;294.42;400;9950169377;S
20240327;101627;294.43;10;9950169548;B
20240327;101627;294.42;20;9950169604;S
20240327;101627;294.43;10;9950169652;B
20240327;101627;294.43;950;9950169657;B
20240327;101627;294.43;500;9950169658;B
20240327;101627;294.43;400;9950169659;B
20240327;101627;294.43;800;9950169660;B
20240327;101627;294.43;350;9950169661;B
20240327;101627;294.43;10;9950169662;B
20240327;101627;294.43;910;9950169663;B
20240327;101627;294.43;350;9950169664;B
20240327;101627;294.44;500;9950169665;B
20240327;101627;294.44;500;9950169666;B
20240327;101627;294.45;500;9950169667;B
20240327;101627;294.45;450;9950169668;B
20240327;101627;294.43;10;9950169703;B
20240327;101627;294.43;10;9950169705;B
20240327;101627;294.43;10;9950169706;B
20240327;101627;294.43;10;9950169712;B
20240327;101627;294.43;10;9950169717;B
20240327;101627;294.43;10;9950169719;B
20240327;101627;294.43;10;9950169721;B
20240327;101629;294.43;10;9950169999;B
20240327;101629;294.42;10;9950170084;S
20240327;101630;294.42;100;9950170248;S
20240327;101630;294.43;10;9950170277;B
20240327;101630;294.43;170;9950170383;B
20240327;101630;294.42;100;9950170388;S
20240327;101631;294.43;150;9950170446;B
20240327;101631;294.42;10;9950170639;S
20240327;101632;294.43;10;9950170830;B
20240327;101632;294.43;10;9950170897;B
20240327;101632;294.42;10;9950171023;S
20240327;101633;294.42;20;9950171075;S
20240327;101634;294.43;10;9950171319;B
20240327;101634;294.43;10;9950171436;B
20240327;101635;294.42;180;9950171527;S
20240327;101635;294.43;10;9950171594;B
20240327;101635;294.43;100;9950171613;B
20240327;101635;294.43;10;9950171639;B
20240327;101636;294.43;10;9950171723;B
20240327;101637;294.42;100;9950171988;S
20240327;101637;294.42;10;9950172101;S
20240327;101638;294.43;30;9950172361;B
20240327;101638;294.42;10;9950172408;S
20240327;101638;294.42;10;9950172579;S
20240327;101638;294.43;10;9950172582;B
20240327;101639;294.43;10;9950172668;B
20240327;101639;294.43;10;9950172720;B
20240327;101639;294.43;10;9950172744;B
20240327;101639;294.43;10;9950172745;B
20240327;101640;294.42;10;9950172787;S
20240327;101640;294.43;10;9950172794;B
20240327;101640;294.43;10;9950172801;B
20240327;101640;294.43;10;9950172808;B
20240327;101640;294.43;10;9950172834;B
20240327;101640;294.43;20;9950172857;B
20240327;101641;294.43;10;9950173016;B
20240327;101641;294.42;80;9950173145;S
20240327;101641;294.43;10;9950173152;B
20240327;101641;294.43;20;9950173242;B
20240327;101642;294.43;10;9950173396;B
20240327;101642;294.43;10;9950173421;B
20240327;101642;294.43;10;9950173438;B
20240327;101642;294.42;110;9950173460;S
20240327;101643;294.43;10;9950173507;B
20240327;101643;294.43;10;9950173586;B
20240327;101643;294.43;10;9950173589;B
20240327;101644;294.43;20;9950173678;B
20240327;101644;294.43;10;9950173712;B
20240327;101644;294.43;10;9950173726;B
20240327;101644;294.43;10;9950173727;B
20240327;101644;294.43;10;9950173746;B
20240327;101645;294.43;10;9950173837;B
20240327;101645;294.43;10;9950173849;B
20240327;101645;294.43;10;9950173921;B
20240327;101646;294.42;20;9950174084;S
20240327;101646;294.42;10;9950174092;S
20240327;101646;294.43;10;9950174097;B
20240327;101646;294.42;300;9950174124;S
20240327;101646;294.43;10;9950174162;B
20240327;101647;294.43;20;9950174184;B
20240327;101647;294.43;10;9950174247;B
20240327;101648;294.43;10;9950174401;B
20240327;101648;294.43;40;9950174432;B
20240327;101649;294.43;10;9950174522;B
20240327;101649;294.43;140;9950174576;B
20240327;101649;294.43;160;9950174577;B
20240327;101649;294.43;10;9950174614;B
20240327;101649;294.42;320;9950174642;S
20240327;101649;294.42;90;9950174643;S
20240327;101649;294.42;10;9950174644;S
20240327;101649;294.42;10;9950174645;S
20240327;101649;294.42;20;9950174646;S
20240327;101650;294.43;130;9950174694;B
20240327;101650;294.43;10;9950174703;B
20240327;101650;294.43;10;9950174724;B
20240327;101650;294.43;10;9950174730;B
20240327;101650;294.42;10;9950175003;S
20240327;101651;294.43;10;9950175062;B
20240327;101651;294.43;10;9950175067;B
20240327;101651;294.43;10;9950175073;B
20240327;101651;294.43;10;9950175129;B
20240327;101651;294.43;10;9950175171;B
20240327;101652;294.42;70;9950175341;S
20240327;101652;294.42;10;9950175342;S
20240327;101652;294.42;350;9950175343;S
20240327;101652;294.42;10;9950175344;S
20240327;101652;294.42;10;9950175466;B
20240327;101653;294.42;10;9950175547;B
20240327;101653;294.42;30;9950175609;B
20240327;101654;294.41;10;9950175712;S
20240327;101654;294.42;10;9950175812;B
20240327;101654;294.42;10;9950175829;B
20240327;101654;294.42;10;9950175865;B
20240327;101655;294.42;10;9950175948;B
20240327;101655;294.41;290;9950176036;S
20240327;101655;294.41;20;9950176037;S
20240327;101656;294.42;10;9950176086;B
20240327;101656;294.42;10;9950176102;B
20240327;101656;294.41;10;9950176103;S
20240327;101656;294.42;10;9950176146;B
20240327;101656;294.42;10;9950176200;B
20240327;101656;294.41;10;9950176212;S
20240327;101657;294.42;10;9950176308;B
20240327;101657;294.42;10;9950176314;B
20240327;101657;294.42;60;9950176477;B
20240327;101658;294.42;10;9950176576;B
20240327;101658;294.42;10;9950176623;B
20240327;101658;294.41;10;9950176688;S
20240327;101658;294.42;10;9950176693;B
20240327;101659;294.41;50;9950176707;S
20240327;101659;294.41;100;9950176708;S
20240327;101659;294.41;50;9950176709;S
20240327;101659;294.41;10;9950176710;S
20240327;101659;294.41;10;9950176711;S
20240327;101659;294.4;10;9950176712;S
20240327;101659;294.4;500;9950176713;S
20240327;101659;294.4;100;9950176714;S
20240327;101659;294.4;170;9950176715;S
20240327;101659;294.4;10;9950176734;B
20240327;101659;294.4;10;9950176736;B
20240327;101659;294.4;10;9950176746;B
20240327;101659;294.4;10;9950176806;B
20240327;101659;294.39;50;9950176830;S
20240327;101659;294.39;10;9950176831;S
20240327;101659;294.39;80;9950176832;S
20240327;101659;294.4;10;9950176881;B
20240327;101659;294.4;10;9950176900;B
20240327;101700;294.39;10;9950176948;S
20240327;101700;294.4;10;9950176963;B
20240327;101700;294.4;10;9950177003;B
20240327;101700;294.4;10;9950177040;B
20240327;101700;294.4;700;9950177041;B
20240327;101700;294.4;40;9950177042;B
20240327;101701;294.4;10;9950177054;B
20240327;101701;294.4;90;9950177059;B
20240327;101701;294.4;10;9950177147;B
20240327;101701;294.39;10;9950177203;S
20240327;101701;294.39;1510;9950177204;S
20240327;101701;294.39;400;9950177205;S
20240327;101701;294.38;100;9950177206;S
20240327;101701;294.37;500;9950177207;S
20240327;101701;294.37;250;9950177208;S
20240327;101701;294.39;10;9950177253;B
20240327;101701;294.39;10;9950177254;B
20240327;101701;294.39;10;9950177255;B
20240327;101702;294.39;10;9950177319;B
20240327;101703;294.39;10;9950177580;B
20240327;101703;294.39;10;9950177589;B
20240327;101703;294.37;100;9950177590;S
20240327;101703;294.37;10;9950177591;S
20240327;101703;294.36;10;9950177592;S
20240327;101703;294.36;10;9950177593;S
20240327;101703;294.36;10;9950177594;S
20240327;101703;294.36;360;9950177595;S
20240327;101703;294.37;10;9950177612;B
20240327;101703;294.37;10;9950177655;B
20240327;101703;294.38;10;9950177758;B
20240327;101704;294.36;10;9950177866;S
20240327;101704;294.38;10;9950178054;B
20240327;101705;294.38;10;9950178206;B
20240327;101705;294.38;10;9950178208;B
20240327;101705;294.38;100;9950178262;B
20240327;101705;294.38;10;9950178297;B
20240327;101705;294.38;10;9950178347;B
20240327;101706;294.37;10;9950178417;B
20240327;101706;294.37;10;9950178526;B
20240327;101706;294.37;10;9950178605;B
20240327;101706;294.37;10;9950178613;B
20240327;101707;294.37;10;9950178791;B
20240327;101708;294.37;10;9950178844;B
20240327;101708;294.37;10;9950178893;B
20240327;101708;294.37;20;9950178905;B
20240327;101708;294.37;10;9950178912;B
20240327;101708;294.36;10;9950178915;S
20240327;101708;294.37;10;9950179099;B
20240327;101709;294.36;10;9950179218;S
20240327;101709;294.36;20;9950179226;S
20240327;101709;294.37;10;9950179227;B
20240327;101709;294.36;10;9950179284;S
20240327;101709;294.37;10;9950179312;B
20240327;101709;294.37;10;9950179341;B
20240327;101710;294.37;10;9950179437;B
20240327;101710;294.36;10;9950179445;S
20240327;101710;294.37;10;9950179485;B
20240327;101710;294.37;10;9950179523;B
20240327;101710;294.37;10;9950179536;B
20240327;101711;294.36;10;9950179647;S
20240327;101711;294.37;10;9950179690;B
20240327;101712;294.37;10;9950179755;B
20240327;101712;294.36;10;9950179790;S
20240327;101712;294.37;100;9950179801;B
20240327;101712;294.37;10;9950179817;B
