<DATE>;<TIME>;<LAST>;<VOL>;<ID>;<OPER>
20240205;095936;277.000000000;10;9523274854;S
20240205;095936;277.000000000;1790;9523274855;S
20240205;095936;277.000000000;10;9523274856;S
20240205;095936;277.000000000;10;9523274857;S
20240205;095936;277.000000000;120;9523274858;S
20240205;095936;277.000000000;20;9523274859;S
20240205;095936;277.000000000;570;9523274860;S
20240205;095936;277.000000000;60;9523274861;S
20240205;095936;277.000000000;10;9523274862;S
20240205;095936;277.000000000;20;9523274863;S
20240205;095936;277.000000000;10;9523274864;S
20240205;095936;277.000000000;150;9523274865;S
20240205;095936;277.000000000;80;9523274866;S
20240205;095936;277.000000000;70;9523274867;S
20240205;095936;277.000000000;40;9523274868;S
20240205;095936;277.000000000;10;9523274869;S
20240205;095936;277.000000000;50;9523274870;B
20240205;095936;277.000000000;10;9523274871;B
20240205;095936;277.000000000;260;9523274872;B
20240205;095936;277.000000000;180;9523274873;B
20240205;095936;277.000000000;10;9523274874;S
20240205;095936;277.000000000;10;9523274875;B
20240205;095936;277.000000000;10;9523274876;B
20240205;095936;277.000000000;10;9523274877;B
20240205;095936;277.000000000;60;9523274878;B
20240205;095936;277.000000000;30;9523274879;B
20240205;095936;277.000000000;40;9523274880;S
20240205;095936;277.000000000;10;9523274881;S
20240205;095936;277.000000000;30;9523274882;S
20240205;095936;277.000000000;20;9523274883;S
20240205;095936;277.000000000;10;9523274884;S
20240205;095936;277.000000000;10;9523274885;S
20240205;095936;277.000000000;10;9523274886;S
20240205;095936;277.000000000;10;9523274887;S
20240205;095936;277.000000000;10;9523274888;S
20240205;095936;277.000000000;10;9523274889;S
20240205;095936;277.000000000;20;9523274890;S
20240205;095936;277.000000000;40;9523274891;S
20240205;095936;277.000000000;10;9523274892;S
20240205;095936;277.000000000;10;9523274893;S
20240205;095936;277.000000000;40;9523274894;S
20240205;095936;277.000000000;10;9523274895;S
20240205;095936;277.000000000;20;9523274896;S
20240205;095936;277.000000000;50;9523274897;S
20240205;095936;277.000000000;10;9523274898;S
20240205;095936;277.000000000;150;9523274899;S
20240205;095936;277.000000000;10;9523274900;S
20240205;095936;277.000000000;10;9523274901;S
20240205;095936;277.000000000;10;9523274902;S
20240205;095936;277.000000000;80;9523274903;S
20240205;095936;277.000000000;210;9523274904;S
20240205;095936;277.000000000;90;9523274905;S
20240205;095936;277.000000000;30;9523274906;S
20240205;095936;277.000000000;40;9523274907;S
20240205;095936;277.000000000;10;9523274908;S
20240205;095936;277.000000000;230;9523274909;S
20240205;095936;277.000000000;20;9523274910;S
20240205;095936;277.000000000;10;9523274911;S
20240205;095936;277.000000000;10;9523274912;S
20240205;095936;277.000000000;10;9523274913;S
20240205;095936;277.000000000;10;9523274914;S
20240205;095936;277.000000000;210;9523274915;S
20240205;095936;277.000000000;10;9523274916;S
20240205;095936;277.000000000;30;9523274917;S
20240205;095936;277.000000000;80;9523274918;S
20240205;095936;277.000000000;200;9523274919;S
20240205;095936;277.000000000;10;9523274920;S
20240205;095936;277.000000000;10;9523274921;S
20240205;095936;277.000000000;10;9523274922;B
20240205;095936;277.000000000;20;9523274923;B
20240205;095936;277.000000000;10;9523274924;B
20240205;095936;277.000000000;20;9523274925;B
20240205;095936;277.000000000;10;9523274926;B
20240205;095936;277.000000000;20;9523274927;B
20240205;095936;277.000000000;10;9523274928;B
20240205;095936;277.000000000;70;9523274929;B
20240205;095936;277.000000000;180;9523274930;B
20240205;095936;277.000000000;20;9523274931;B
20240205;095936;277.000000000;10;9523274932;B
20240205;095936;277.000000000;10;9523274933;B
20240205;095936;277.000000000;10;9523274934;B
20240205;095936;277.000000000;30;9523274935;B
20240205;095936;277.000000000;10;9523274936;B
20240205;095936;277.000000000;30;9523274937;B
20240205;095936;277.000000000;10;9523274938;B
20240205;095936;277.000000000;40;9523274939;B
20240205;095936;277.000000000;10;9523274940;B
20240205;095936;277.000000000;80;9523274941;B
20240205;095936;277.000000000;90;9523274942;B
20240205;095936;277.000000000;40;9523274943;B
20240205;095936;277.000000000;20;9523274944;B
20240205;095936;277.000000000;30;9523274945;B
20240205;095936;277.000000000;10;9523274946;B
20240205;095936;277.000000000;20;9523274947;B
20240205;095936;277.000000000;50;9523274948;B
20240205;095936;277.000000000;10;9523274949;B
20240205;095936;277.000000000;20;9523274950;B
20240205;095936;277.000000000;80;9523274951;B
20240205;095936;277.000000000;10;9523274952;B
20240205;095936;277.000000000;40;9523274953;B
20240205;095936;277.000000000;10;9523274954;B
20240205;095936;277.000000000;30;9523274955;B
20240205;095936;277.000000000;10;9523274956;S
20240205;095936;277.000000000;30;9523274957;S
20240205;095936;277.000000000;10;9523274958;S
20240205;095936;277.000000000;20;9523274959;S
20240205;095936;277.000000000;20;9523274960;S
20240205;095936;277.000000000;10;9523274961;S
20240205;095936;277.000000000;10;9523274962;S
20240205;095936;277.000000000;10;9523274963;S
20240205;095936;277.000000000;10;9523274964;S
20240205;095936;277.000000000;30;9523274965;S
20240205;095936;277.000000000;380;9523274966;S
20240205;095936;277.000000000;20;9523274967;S
20240205;095936;277.000000000;20;9523274968;S
20240205;095936;277.000000000;20;9523274969;S
20240205;095936;277.000000000;60;9523274970;S
20240205;095936;277.000000000;190;9523274971;B
20240205;095936;277.000000000;160;9523274972;B
20240205;095936;277.000000000;5500;9523274973;B
20240205;095936;277.000000000;10;9523274974;B
20240205;095936;277.000000000;20;9523274975;B
20240205;095936;277.000000000;200;9523274976;B
20240205;095936;277.000000000;300;9523274977;S
20240205;095936;277.000000000;140;9523274978;B
20240205;095936;277.000000000;50;9523274979;B
20240205;095936;277.000000000;40;9523274980;B
20240205;095936;277.000000000;10;9523274981;B
20240205;095936;277.000000000;1000;9523274982;B
20240205;095936;277.000000000;50;9523274983;B
20240205;095936;277.000000000;200;9523274984;B
20240205;095936;277.000000000;30;9523274985;B
20240205;095936;277.000000000;80;9523274986;S
20240205;095936;277.000000000;130;9523274987;B
20240205;095936;277.000000000;50;9523274988;B
20240205;095936;277.000000000;10;9523274989;B
20240205;095936;277.000000000;10;9523274990;B
20240205;095936;277.000000000;10;9523274991;B
20240205;095936;277.000000000;10;9523274992;B
20240205;095936;277.000000000;10;9523274993;B
20240205;095936;277.000000000;10;9523274994;B
20240205;095936;277.000000000;10;9523274995;B
20240205;095936;277.000000000;10;9523274996;B
20240205;095936;277.000000000;60;9523274997;B
20240205;095936;277.000000000;500;9523274998;B
20240205;095936;277.000000000;110;9523274999;B
20240205;095936;277.000000000;200;9523275000;B
20240205;095936;277.000000000;310;9523275001;B
20240205;095936;277.000000000;20;9523275002;B
20240205;095936;277.000000000;50;9523275003;B
20240205;095936;277.000000000;1010;9523275004;B
20240205;095936;277.000000000;10;9523275005;B
20240205;095936;277.000000000;70;9523275006;B
20240205;095936;277.000000000;10;9523275007;B
20240205;095936;277.000000000;40;9523275008;B
20240205;095936;277.000000000;50;9523275009;B
20240205;095936;277.000000000;1020;9523275010;B
20240205;095936;277.000000000;20;9523275011;B
20240205;095936;277.000000000;10;9523275012;B
20240205;095936;277.000000000;10;9523275013;B
20240205;095936;277.000000000;10;9523275014;B
20240205;095936;277.000000000;10;9523275015;B
20240205;095936;277.000000000;100;9523275016;B
20240205;095936;277.000000000;150;9523275017;B
20240205;095936;277.000000000;10;9523275018;B
20240205;095936;277.000000000;5000;9523275019;B
20240205;095936;277.000000000;10;9523275020;B
20240205;095936;277.000000000;11000;9523275021;B
20240205;095936;277.000000000;400;9523275022;B
20240205;095936;277.000000000;100;9523275023;B
20240205;095936;277.000000000;960;9523275024;B
20240205;095936;277.000000000;570;9523275025;B
20240205;095936;277.000000000;1790;9523275026;B
20240205;095936;277.000000000;500;9523275027;B
20240205;095936;277.000000000;10;9523275028;S
20240205;095936;277.000000000;10;9523275029;B
20240205;095936;277.000000000;10;9523275030;B
20240205;095936;277.000000000;250;9523275031;B
20240205;095936;277.000000000;20;9523275032;B
20240205;095936;277.000000000;100;9523275033;B
20240205;095936;277.000000000;10;9523275034;B
20240205;100000;276.940000000;90;9523283888;S
20240205;100000;276.940000000;580;9523284150;B
20240205;100000;276.940000000;1150;9523284608;B
20240205;100000;276.940000000;90;9523284612;B
20240205;100000;276.910000000;10;9523284770;S
20240205;100000;276.910000000;190;9523284771;S
20240205;100001;276.940000000;90;9523285315;B
20240205;100001;276.950000000;250;9523285316;B
20240205;100001;276.930000000;340;9523285317;S
20240205;100001;276.930000000;160;9523285382;B
20240205;100001;276.950000000;1090;9523285383;B
20240205;100001;276.950000000;370;9523285384;B
20240205;100001;276.960000000;1730;9523285385;B
20240205;100001;276.960000000;190;9523285526;B
20240205;100001;276.960000000;580;9523285544;B
20240205;100001;276.960000000;190;9523285572;S
20240205;100001;276.910000000;810;9523285590;S
20240205;100001;276.970000000;700;9523285626;S
20240205;100001;276.980000000;280;9523286122;B
20240205;100001;276.980000000;10;9523286165;B
20240205;100001;276.980000000;570;9523286582;B
20240205;100002;276.960000000;100;9523287233;S
20240205;100002;276.960000000;140;9523287344;B
20240205;100002;276.960000000;660;9523287365;B
20240205;100002;276.980000000;1090;9523287366;B
20240205;100002;276.990000000;550;9523287367;B
20240205;100002;276.980000000;1090;9523287456;B
20240205;100002;276.990000000;530;9523287457;B
20240205;100002;276.930000000;10;9523287458;S
20240205;100002;276.990000000;50;9523287656;B
20240205;100002;276.950000000;370;9523287991;S
20240205;100002;276.950000000;210;9523287992;S
20240205;100002;276.990000000;1040;9523288047;B
20240205;100002;277.000000000;2730;9523288048;B
20240205;100002;277.000000000;40;9523288049;B
20240205;100002;277.000000000;110;9523288050;B
20240205;100002;277.000000000;640;9523288051;B
20240205;100002;277.000000000;110;9523288052;B
20240205;100002;277.000000000;200;9523288053;B
20240205;100002;277.000000000;100;9523288054;B
20240205;100002;277.000000000;10;9523288055;B
20240205;100002;277.000000000;10;9523288056;B
20240205;100002;277.000000000;50;9523288057;B
20240205;100002;277.000000000;10;9523288058;B
20240205;100002;277.010000000;560;9523288064;B
20240205;100002;277.020000000;560;9523288065;B
20240205;100002;277.030000000;10;9523288066;B
20240205;100002;277.030000000;560;9523288067;B
20240205;100002;277.010000000;1010;9523288070;B
20240205;100002;277.010000000;80;9523288072;B
20240205;100002;277.040000000;20;9523288073;B
20240205;100002;277.000000000;1000;9523288170;S
20240205;100002;277.000000000;100;9523288299;S
20240205;100002;277.000000000;1500;9523288363;S
20240205;100002;277.010000000;260;9523288581;S
20240205;100003;277.010000000;600;9523288657;S
20240205;100003;277.010000000;500;9523288660;S
20240205;100003;277.030000000;100;9523288667;S
20240205;100003;277.010000000;500;9523288668;S
20240205;100003;277.040000000;100;9523288669;B
20240205;100003;277.010000000;10;9523288673;S
20240205;100003;277.010000000;290;9523288714;B
20240205;100003;277.040000000;440;9523288724;B
20240205;100003;277.050000000;50;9523288725;B
20240205;100003;277.050000000;560;9523288726;B
20240205;100003;277.050000000;550;9523288727;B
20240205;100003;277.060000000;560;9523288728;B
20240205;100003;277.070000000;430;9523288729;B
20240205;100003;277.020000000;700;9523288737;S
20240205;100003;277.020000000;100;9523288752;S
20240205;100003;277.020000000;370;9523288767;B
20240205;100003;277.020000000;720;9523288771;B
20240205;100003;277.070000000;130;9523288921;B
20240205;100003;277.070000000;370;9523288922;B
20240205;100003;277.070000000;510;9523288923;B
20240205;100003;277.030000000;30;9523288985;S
20240205;100003;277.030000000;10;9523289140;S
20240205;100003;277.030000000;370;9523289151;S
20240205;100003;277.000000000;200;9523289152;S
20240205;100003;277.000000000;10;9523289154;S
20240205;100003;277.000000000;20;9523289333;S
20240205;100003;277.030000000;10;9523289345;S
20240205;100003;277.070000000;10;9523289394;B
20240205;100003;277.030000000;20;9523289395;S
20240205;100003;277.070000000;50;9523289560;B
20240205;100004;277.030000000;200;9523289965;S
20240205;100004;277.030000000;30;9523290011;S
20240205;100004;277.070000000;30;9523290082;B
20240205;100004;277.030000000;200;9523290086;S
20240205;100004;277.070000000;310;9523290233;B
20240205;100004;277.030000000;20;9523290405;S
20240205;100004;277.030000000;10;9523290413;S
20240205;100004;277.030000000;100;9523290428;S
20240205;100004;277.070000000;600;9523290546;B
20240205;100004;277.030000000;250;9523290593;S
20240205;100004;277.030000000;200;9523290643;S
20240205;100004;277.070000000;10;9523290853;B
20240205;100005;277.030000000;200;9523291050;S
20240205;100005;277.070000000;10;9523291108;B
20240205;100005;277.060000000;100;9523291437;S
20240205;100005;277.050000000;10;9523291498;B
20240205;100005;277.030000000;10;9523291504;S
20240205;100005;277.050000000;10;9523291506;B
20240205;100005;277.050000000;60;9523291515;B
20240205;100005;277.050000000;10;9523291521;B
20240205;100005;277.030000000;10;9523291522;S
20240205;100005;277.050000000;10;9523291628;B
20240205;100005;277.050000000;270;9523291732;B
20240205;100005;277.050000000;440;9523291733;B
20240205;100005;277.030000000;80;9523291872;S
20240205;100005;277.000000000;320;9523291873;S
20240205;100005;277.000000000;200;9523291887;S
20240205;100005;277.000000000;400;9523291888;S
20240205;100005;277.000000000;200;9523291890;S
20240205;100005;277.000000000;100;9523291895;S
20240205;100005;277.000000000;700;9523291898;S
20240205;100005;277.000000000;300;9523291899;S
20240205;100005;277.000000000;20;9523292066;S
20240205;100005;277.000000000;100;9523292090;S
20240205;100005;277.000000000;30;9523292293;S
20240205;100005;277.070000000;120;9523292298;B
20240205;100005;277.070000000;50;9523292307;B
20240205;100005;277.000000000;10;9523292310;S
20240205;100005;277.070000000;10;9523292313;B
20240205;100005;277.000000000;10;9523292321;S
20240205;100005;277.070000000;10;9523292322;B
20240205;100005;277.070000000;10;9523292332;B
20240205;100005;277.070000000;30;9523292339;B
20240205;100005;277.000000000;110;9523292342;S
20240205;100005;277.070000000;10;9523292349;B
20240205;100005;277.070000000;20;9523292359;B
20240205;100005;277.000000000;10;9523292364;S
20240205;100005;277.000000000;100;9523292365;S
20240205;100005;277.070000000;50;9523292380;B
20240205;100005;277.000000000;10;9523292383;S
20240205;100005;277.000000000;70;9523292506;S
20240205;100005;277.070000000;10;9523292511;B
20240205;100005;277.070000000;10;9523292523;B
20240205;100005;277.070000000;10;9523292531;B
20240205;100005;277.000000000;10;9523292540;S
20240205;100005;277.070000000;10;9523292554;B
20240205;100005;277.070000000;10;9523292563;B
20240205;100005;277.000000000;10;9523292564;S
20240205;100005;277.000000000;10;9523292579;S
20240205;100005;277.070000000;10;9523292621;B
20240205;100005;277.070000000;10;9523292626;B
20240205;100005;277.000000000;50;9523292628;S
20240205;100005;277.070000000;10;9523292635;B
20240205;100005;277.000000000;10;9523292638;S
20240205;100005;277.000000000;10;9523292639;S
20240205;100005;277.000000000;20;9523292641;S
20240205;100006;277.070000000;10;9523294027;B
20240205;100006;277.070000000;10;9523294031;B
20240205;100006;277.070000000;10;9523294032;B
20240205;100006;277.040000000;20;9523294033;S
20240205;100006;277.070000000;10;9523294036;B
20240205;100006;277.070000000;10;9523294041;B
20240205;100006;277.070000000;10;9523294397;B
20240205;100006;277.070000000;10;9523294399;B
20240205;100006;277.040000000;70;9523294408;S
20240205;100006;277.070000000;10;9523294419;B
20240205;100006;277.070000000;20;9523294425;B
20240205;100006;277.040000000;10;9523294430;S
20240205;100006;277.070000000;10;9523294436;B
20240205;100006;277.070000000;10;9523294892;B
20240205;100006;277.070000000;10;9523294901;B
20240205;100006;277.070000000;10;9523294903;B
20240205;100006;277.070000000;10;9523294916;B
20240205;100006;277.070000000;10;9523294919;B
20240205;100006;277.040000000;30;9523294920;S
20240205;100006;277.040000000;650;9523294930;S
20240205;100006;277.040000000;500;9523295156;S
20240205;100006;277.040000000;10;9523295276;S
20240205;100006;277.040000000;1500;9523295282;S
20240205;100006;277.040000000;1000;9523295283;S
20240205;100006;277.040000000;1000;9523295284;S
20240205;100006;277.040000000;60;9523295615;S
20240205;100006;277.040000000;20;9523295623;S
20240205;100006;277.070000000;10;9523295626;B
20240205;100006;277.040000000;10;9523295631;S
20240205;100006;277.070000000;10;9523295636;B
20240205;100006;277.070000000;20;9523295641;B
20240205;100006;277.070000000;10;9523295648;B
20240205;100006;277.070000000;30;9523295650;B
20240205;100006;277.040000000;10;9523295656;S
20240205;100006;277.040000000;10;9523295662;S
20240205;100006;277.070000000;10;9523295663;B
20240205;100006;277.070000000;10;9523295705;B
20240205;100006;277.070000000;10;9523295707;B
20240205;100006;277.040000000;20;9523295720;S
20240205;100006;277.040000000;10;9523295725;S
20240205;100006;277.070000000;10;9523295732;B
20240205;100006;277.040000000;10;9523295742;S
20240205;100006;277.070000000;10;9523295751;B
20240205;100006;277.040000000;60;9523295757;S
20240205;100006;277.040000000;300;9523295802;S
20240205;100006;277.070000000;10;9523296001;B
20240205;100006;277.040000000;1000;9523296056;S
20240205;100006;277.070000000;10;9523296186;B
20240205;100006;277.070000000;10;9523296190;B
20240205;100006;277.040000000;10;9523296195;S
20240205;100006;277.040000000;10;9523296196;S
20240205;100006;277.070000000;10;9523296200;B
20240205;100006;277.070000000;10;9523296202;B
20240205;100006;277.040000000;10;9523296205;S
20240205;100006;277.070000000;30;9523296209;B
20240205;100006;277.040000000;120;9523296211;S
20240205;100006;277.070000000;10;9523296550;B
20240205;100006;277.040000000;150;9523296555;S
20240205;100006;277.040000000;10;9523296561;S
20240205;100006;277.070000000;100;9523296567;B
20240205;100006;277.070000000;10;9523296572;B
20240205;100006;277.070000000;10;9523296578;B
20240205;100006;277.040000000;160;9523296592;S
20240205;100006;277.070000000;20;9523296600;B
20240205;100006;277.070000000;150;9523296603;B
20240205;100006;277.070000000;10;9523296609;B
20240205;100006;277.070000000;10;9523296618;B
20240205;100006;277.040000000;10;9523296623;S
20240205;100006;277.070000000;10;9523296637;B
20240205;100007;277.070000000;60;9523296893;B
20240205;100007;277.040000000;10;9523297158;S
20240205;100007;277.070000000;20;9523297163;B
20240205;100007;277.070000000;10;9523297166;B
20240205;100007;277.040000000;10;9523297172;S
20240205;100007;277.040000000;10;9523297174;S
20240205;100007;277.070000000;90;9523297183;B
20240205;100007;277.070000000;70;9523297185;B
20240205;100007;277.070000000;10;9523297398;B
20240205;100007;277.010000000;1700;9523297416;S
20240205;100007;277.010000000;100;9523297422;S
20240205;100007;277.070000000;10;9523297436;B
20240205;100007;277.070000000;10;9523297444;B
20240205;100007;277.010000000;10;9523297528;S
20240205;100007;277.010000000;10;9523297530;S
20240205;100007;277.010000000;150;9523297531;S
20240205;100007;277.070000000;10;9523297533;B
20240205;100007;277.010000000;20;9523297534;S
20240205;100007;277.070000000;10;9523297536;B
20240205;100007;277.070000000;250;9523297537;B
20240205;100007;277.070000000;10;9523297538;B
20240205;100007;277.070000000;10;9523297539;B
20240205;100007;277.070000000;780;9523297540;B
20240205;100007;277.070000000;10;9523297543;B
20240205;100007;277.010000000;10;9523297544;S
20240205;100007;277.070000000;10;9523297545;B
20240205;100007;277.010000000;20;9523297546;S
20240205;100007;277.010000000;20;9523297547;S
20240205;100007;277.070000000;20;9523297550;B
20240205;100007;277.070000000;20;9523297553;B
20240205;100007;277.070000000;200;9523297620;B
20240205;100007;277.010000000;10;9523297815;S
20240205;100007;277.070000000;10;9523297888;B
20240205;100007;277.070000000;50;9523298522;B
20240205;100007;277.040000000;20;9523298621;S
20240205;100007;277.070000000;10;9523298623;B
20240205;100007;277.070000000;300;9523298625;B
20240205;100007;277.070000000;10;9523298626;B
20240205;100007;277.070000000;100;9523298627;B
20240205;100007;277.040000000;50;9523298628;S
20240205;100007;277.040000000;30;9523298629;S
20240205;100007;277.040000000;10;9523298630;S
20240205;100007;277.070000000;10;9523298631;B
20240205;100007;277.040000000;70;9523298633;S
20240205;100007;277.070000000;350;9523298635;B
20240205;100008;277.070000000;620;9523299124;B
20240205;100008;277.070000000;370;9523299125;B
20240205;100008;277.070000000;370;9523299126;B
20240205;100008;277.080000000;560;9523299127;B
20240205;100008;277.090000000;560;9523299128;B
20240205;100008;277.100000000;200;9523299129;B
20240205;100008;277.100000000;1320;9523299130;B
20240205;100008;277.090000000;30;9523299714;B
20240205;100008;277.090000000;10;9523299716;B
20240205;100008;277.090000000;10;9523299733;B
20240205;100008;277.040000000;50;9523299735;S
20240205;100008;277.090000000;10;9523299736;B
20240205;100008;277.090000000;10;9523299738;B
20240205;100008;277.090000000;10;9523299739;B
20240205;100008;277.090000000;20;9523299740;B
20240205;100008;277.040000000;10;9523299742;S
20240205;100008;277.090000000;20;9523299743;B
20240205;100008;277.090000000;10;9523299745;B
20240205;100008;277.090000000;30;9523299746;B
20240205;100008;277.090000000;370;9523300032;B
20240205;100008;277.040000000;30;9523300056;S
20240205;100008;277.090000000;50;9523300059;B
20240205;100008;277.090000000;10;9523300061;B
20240205;100008;277.090000000;10;9523300063;B
20240205;100008;277.040000000;10;9523300066;S
20240205;100008;277.090000000;10;9523300067;B
20240205;100008;277.040000000;20;9523300069;S
20240205;100008;277.000000000;30;9523300070;S
20240205;100008;277.000000000;10;9523300072;S
20240205;100008;277.000000000;10;9523300076;S
20240205;100008;277.000000000;50;9523300710;S
20240205;100008;277.090000000;10;9523300713;B
20240205;100008;277.000000000;10;9523300716;S
20240205;100008;277.090000000;10;9523300720;B
20240205;100008;277.000000000;10;9523300722;S
20240205;100008;277.090000000;10;9523300727;B
20240205;100008;277.000000000;40;9523300730;S
20240205;100008;277.090000000;10;9523300732;B
20240205;100008;277.090000000;10;9523300734;B
20240205;100008;277.090000000;10;9523300737;B
20240205;100008;277.000000000;10;9523300740;S
20240205;100008;277.090000000;100;9523300743;B
20240205;100008;277.000000000;500;9523300867;S
20240205;100008;277.000000000;1000;9523300868;S
20240205;100008;277.090000000;290;9523301079;B
20240205;100008;277.090000000;370;9523301080;B
20240205;100008;277.090000000;340;9523301081;B
20240205;100008;277.090000000;10;9523301165;B
20240205;100008;277.060000000;130;9523301346;S
20240205;100008;277.000000000;270;9523301359;S
20240205;100008;277.000000000;600;9523301360;S
20240205;100008;277.000000000;600;9523301361;S
20240205;100008;277.000000000;1000;9523301364;S
20240205;100008;277.000000000;170;9523301365;S
20240205;100008;277.000000000;10;9523301366;S
20240205;100008;276.930000000;20;9523301386;S
20240205;100008;276.920000000;270;9523301411;S
20240205;100008;276.910000000;1000;9523301412;S
20240205;100008;276.910000000;10;9523301413;S
20240205;100008;276.910000000;490;9523301414;S
20240205;100008;276.910000000;300;9523301435;S
20240205;100008;276.910000000;10;9523301480;S
20240205;100008;276.930000000;10;9523301481;B
20240205;100008;276.930000000;10;9523301482;B
20240205;100008;276.930000000;10;9523301487;B
20240205;100008;276.910000000;30;9523301490;S
20240205;100008;276.910000000;10;9523301491;S
20240205;100008;276.910000000;10;9523301493;S
20240205;100008;276.900000000;100;9523301510;S
20240205;100008;276.900000000;100;9523301516;S
20240205;100008;276.930000000;170;9523301544;B
20240205;100008;277.090000000;370;9523301545;B
20240205;100008;277.090000000;370;9523301546;B
20240205;100008;277.100000000;680;9523301547;B
20240205;100008;277.100000000;560;9523301548;B
20240205;100008;277.110000000;3450;9523301549;B
20240205;100008;277.110000000;10;9523301633;B
20240205;100008;277.010000000;10;9523301634;S
20240205;100008;277.110000000;20;9523301635;B
20240205;100008;277.110000000;10;9523301637;B
20240205;100008;276.910000000;110;9523301639;S
20240205;100008;276.910000000;10;9523301640;S
20240205;100008;276.910000000;10;9523301642;S
20240205;100008;277.110000000;10;9523301645;B
20240205;100008;277.110000000;10;9523301646;B
20240205;100008;277.110000000;10;9523301649;B
20240205;100008;277.110000000;10;9523301652;B
20240205;100008;277.110000000;20;9523301653;B
20240205;100009;277.110000000;270;9523301975;B
20240205;100009;277.110000000;370;9523301976;B
20240205;100009;277.120000000;360;9523301977;B
20240205;100009;277.120000000;10;9523302029;B
20240205;100009;277.120000000;10;9523302031;B
20240205;100009;277.000000000;20;9523302033;S
20240205;100009;277.120000000;10;9523302034;B
20240205;100009;277.120000000;10;9523302035;B
20240205;100009;276.910000000;20;9523302036;S
20240205;100009;277.130000000;30;9523302037;B
20240205;100009;276.910000000;10;9523302038;S
20240205;100009;277.130000000;10;9523302039;B
20240205;100009;277.130000000;10;9523302041;B
20240205;100009;277.130000000;200;9523302135;B
20240205;100009;277.000000000;20;9523302565;S
20240205;100009;277.130000000;20;9523302566;B
20240205;100009;277.130000000;10;9523302567;B
20240205;100009;277.130000000;10;9523302568;B
20240205;100009;277.000000000;10;9523302570;S
20240205;100009;277.000000000;10;9523302571;S
20240205;100009;277.130000000;10;9523302572;B
20240205;100009;277.000000000;10;9523302573;S
20240205;100009;277.000000000;30;9523302574;S
20240205;100009;277.130000000;10;9523302576;B
20240205;100009;277.130000000;110;9523302578;B
20240205;100010;276.990000000;410;9523303096;S
20240205;100010;277.110000000;10;9523303129;B
20240205;100010;277.110000000;70;9523303161;B
20240205;100010;277.110000000;40;9523303293;B
20240205;100010;277.110000000;60;9523303344;B
20240205;100010;276.940000000;540;9523303400;S
20240205;100010;277.110000000;30;9523303547;B
20240205;100010;277.110000000;10;9523303592;B
20240205;100010;277.100000000;100;9523303621;S
20240205;100010;277.100000000;1000;9523303622;S
20240205;100010;277.100000000;50;9523303623;S
20240205;100010;277.010000000;950;9523303624;S
20240205;100010;277.010000000;1000;9523303625;B
20240205;100010;277.090000000;30;9523303626;B
20240205;100010;276.950000000;170;9523303635;S
20240205;100010;277.090000000;20;9523303755;B
20240205;100010;277.090000000;320;9523303759;B
20240205;100010;277.110000000;180;9523303760;B
20240205;100010;277.110000000;10;9523303881;B
20240205;100010;277.110000000;10;9523303892;B
20240205;100010;276.950000000;510;9523304031;S
20240205;100011;277.110000000;10;9523304211;B
20240205;100011;277.110000000;180;9523304308;B
20240205;100011;277.110000000;110;9523304411;B
20240205;100011;277.080000000;860;9523304412;S
20240205;100011;277.000000000;1140;9523304414;S
20240205;100011;277.000000000;200;9523304416;S
20240205;100011;277.000000000;10;9523304417;B
20240205;100011;276.910000000;400;9523304421;B
20240205;100011;276.910000000;190;9523304422;B
20240205;100011;276.930000000;400;9523304423;S
20240205;100011;276.900000000;400;9523304424;S
20240205;100011;276.910000000;110;9523304461;B
20240205;100011;276.910000000;120;9523304480;B
20240205;100011;276.910000000;110;9523304521;B
20240205;100011;276.900000000;10;9523304620;S
20240205;100011;276.910000000;10;9523304648;B
20240205;100011;276.910000000;20;9523304763;B
20240205;100011;276.910000000;10;9523304775;B
20240205;100011;276.910000000;20;9523304779;B
20240205;100011;277.000000000;10;9523304780;B
20240205;100011;277.090000000;40;9523304781;B
20240205;100011;277.090000000;230;9523304785;B
20240205;100011;277.090000000;530;9523304801;B
20240205;100011;276.960000000;20;9523304803;S
20240205;100011;277.090000000;130;9523304811;B
20240205;100011;276.940000000;160;9523304824;S
20240205;100011;277.090000000;70;9523304834;B
20240205;100011;276.910000000;30;9523304835;S
20240205;100011;277.090000000;180;9523304842;B
20240205;100012;277.090000000;10;9523304891;B
20240205;100012;277.090000000;340;9523304904;B
20240205;100012;277.110000000;80;9523304905;B
20240205;100012;277.110000000;200;9523304913;B
20240205;100012;276.940000000;420;9523304915;S
20240205;100012;277.110000000;170;9523304918;B
20240205;100012;277.120000000;20;9523305024;B
20240205;100012;277.070000000;20;9523305123;S
20240205;100012;277.000000000;110;9523305127;S
20240205;100012;276.960000000;70;9523305130;S
20240205;100012;277.110000000;50;9523305369;B
20240205;100012;277.110000000;10;9523305413;B
20240205;100013;277.110000000;2530;9523305635;B
20240205;100013;277.120000000;690;9523305636;B
20240205;100013;277.100000000;280;9523305649;S
20240205;100013;276.990000000;500;9523305651;S
20240205;100013;276.990000000;720;9523305652;S
20240205;100013;277.110000000;750;9523305736;B
20240205;100013;277.110000000;10;9523305751;B
20240205;100014;277.090000000;100;9523306180;S
20240205;100014;277.100000000;30;9523306444;B
20240205;100014;277.120000000;10;9523306944;B
20240205;100014;277.120000000;10;9523306947;B
20240205;100016;277.120000000;90;9523308064;B
20240205;100016;277.120000000;2000;9523308096;B
20240205;100016;277.110000000;40;9523308102;S
20240205;100016;277.110000000;1010;9523308155;S
20240205;100016;277.070000000;10;9523308156;S
20240205;100016;277.020000000;50;9523308298;S
20240205;100017;277.030000000;10;9523308536;B
20240205;100017;277.030000000;20;9523308645;B
20240205;100017;277.030000000;20;9523308664;B
20240205;100017;277.030000000;10;9523308686;B
20240205;100017;277.030000000;500;9523308886;B
20240205;100017;277.030000000;50;9523309190;B
20240205;100017;277.020000000;10;9523309198;S
20240205;100018;277.030000000;10;9523309520;B
20240205;100018;277.030000000;200;9523309532;B
20240205;100018;277.020000000;50;9523309617;S
20240205;100018;277.030000000;70;9523309736;B
20240205;100018;277.030000000;90;9523309832;B
20240205;100018;277.100000000;200;9523309833;B
20240205;100018;277.110000000;100;9523309834;B
20240205;100018;277.120000000;4080;9523309835;B
20240205;100018;277.140000000;850;9523309836;B
20240205;100018;277.020000000;50;9523309853;S
20240205;100018;277.140000000;20;9523309882;B
20240205;100019;277.020000000;10;9523310217;S
20240205;100020;277.020000000;30;9523310735;S
20240205;100021;277.020000000;370;9523311111;S
20240205;100021;277.020000000;370;9523311112;S
20240205;100021;277.010000000;920;9523311113;S
20240205;100021;277.020000000;50;9523311565;S
20240205;100022;277.000000000;20;9523312160;S
20240205;100022;276.970000000;100;9523312161;S
20240205;100022;276.970000000;200;9523312162;S
20240205;100023;276.990000000;200;9523312275;S
20240205;100023;276.990000000;200;9523312304;S
20240205;100023;277.000000000;10;9523312395;B
20240205;100023;276.990000000;200;9523312432;S
20240205;100023;276.990000000;200;9523312436;S
20240205;100023;276.990000000;70;9523312542;S
20240205;100023;276.970000000;200;9523312573;S
20240205;100023;276.970000000;200;9523312664;S
20240205;100023;276.970000000;100;9523312671;S
20240205;100023;276.960000000;70;9523312672;S
20240205;100023;276.970000000;20;9523312752;B
20240205;100023;276.970000000;80;9523312797;B
20240205;100023;276.970000000;200;9523312798;B
20240205;100023;276.970000000;200;9523312799;B
20240205;100024;276.980000000;200;9523312835;S
20240205;100024;276.990000000;130;9523312844;B
20240205;100024;277.020000000;500;9523312845;B
20240205;100024;277.090000000;370;9523312846;B
20240205;100024;277.090000000;370;9523312847;B
20240205;100024;277.100000000;100;9523312848;B
20240205;100024;277.100000000;30;9523312849;B
20240205;100024;276.980000000;180;9523312859;S
20240205;100024;276.960000000;130;9523312896;S
20240205;100024;276.900000000;870;9523312897;S
20240205;100024;276.900000000;20;9523312898;S
20240205;100024;276.910000000;100;9523312950;S
20240205;100024;276.910000000;200;9523312964;S
20240205;100024;276.910000000;100;9523313099;S
20240205;100024;276.910000000;200;9523313118;S
20240205;100024;277.080000000;200;9523313208;S
20240205;100024;277.080000000;300;9523313209;S
20240205;100024;277.080000000;70;9523313210;S
20240205;100024;276.970000000;100;9523313211;S
20240205;100024;276.960000000;100;9523313213;S
20240205;100024;276.920000000;30;9523313218;S
20240205;100024;276.920000000;170;9523313219;S
20240205;100024;276.920000000;80;9523313220;S
20240205;100025;276.900000000;100;9523313439;S
20240205;100025;276.900000000;400;9523313440;S
20240205;100025;276.900000000;350;9523313441;S
20240205;100025;276.910000000;100;9523313442;S
20240205;100025;277.080000000;10;9523313586;B
20240205;100025;277.080000000;90;9523313626;B
20240205;100025;277.090000000;370;9523313627;B
20240205;100025;277.100000000;260;9523313628;B
20240205;100025;276.950000000;200;9523313633;S
20240205;100025;277.090000000;10;9523313699;B
20240205;100025;276.960000000;20;9523313706;S
20240205;100025;276.960000000;200;9523313707;S
20240205;100025;276.910000000;200;9523313808;S
20240205;100025;277.090000000;360;9523313873;B
20240205;100025;277.100000000;710;9523313874;B
20240205;100026;277.110000000;100;9523313891;S
20240205;100026;277.110000000;200;9523313929;S
20240205;100026;277.110000000;150;9523313957;S
20240205;100026;277.110000000;200;9523314030;S
20240205;100026;277.110000000;200;9523314095;S
20240205;100026;277.130000000;20;9523314233;B
20240205;100026;277.110000000;80;9523314235;S
20240205;100026;277.010000000;80;9523314236;S
20240205;100026;277.010000000;40;9523314237;S
20240205;100026;277.010000000;200;9523314294;S
20240205;100026;276.960000000;200;9523314295;S
20240205;100026;276.960000000;700;9523314300;S
20240205;100027;277.130000000;10;9523314383;B
20240205;100027;277.130000000;10;9523314565;B
20240205;100028;277.130000000;230;9523315157;B
20240205;100028;277.130000000;370;9523315158;B
20240205;100028;277.140000000;400;9523315159;B
20240205;100028;277.140000000;20;9523315243;B
20240205;100029;277.020000000;2310;9523315559;S
20240205;100029;277.010000000;1690;9523315560;S
20240205;100029;277.140000000;230;9523315951;B
20240205;100030;277.130000000;100;9523316371;B
20240205;100030;277.140000000;50;9523316372;B
20240205;100031;277.020000000;30;9523316716;S
20240205;100031;277.010000000;10;9523316717;S
20240205;100031;277.000000000;970;9523316795;S
20240205;100031;277.000000000;600;9523316802;S
20240205;100031;277.110000000;10;9523316903;B
20240205;100031;277.140000000;10;9523317087;B
20240205;100032;277.000000000;100;9523317432;S
20240205;100032;277.110000000;100;9523317504;B
20240205;100032;277.140000000;140;9523317505;B
20240205;100032;277.010000000;30;9523317689;S
20240205;100032;277.010000000;60;9523317696;S
20240205;100032;277.010000000;90;9523317697;S
20240205;100032;277.140000000;20;9523317741;B
20240205;100033;277.150000000;10;9523317958;B
20240205;100033;277.150000000;40;9523317998;B
20240205;100033;277.150000000;10;9523317999;B
20240205;100033;277.150000000;10;9523318000;B
20240205;100033;277.140000000;100;9523318094;B
20240205;100033;277.150000000;30;9523318095;B
20240205;100033;277.170000000;1190;9523318096;B
20240205;100033;277.190000000;10;9523318097;B
20240205;100033;277.190000000;250;9523318098;B
20240205;100033;277.190000000;3260;9523318099;B
20240205;100033;277.200000000;10;9523318100;B
20240205;100033;277.200000000;10;9523318101;B
20240205;100033;277.200000000;140;9523318102;B
20240205;100034;277.190000000;10;9523318473;B
20240205;100034;277.020000000;50;9523318538;S
20240205;100034;277.180000000;50;9523318556;B
20240205;100034;277.190000000;990;9523318557;B
20240205;100034;277.200000000;360;9523318558;B
20240205;100034;277.200000000;200;9523318559;B
20240205;100034;277.200000000;10;9523318560;B
20240205;100034;277.200000000;10;9523318561;B
20240205;100034;277.200000000;250;9523318562;B
20240205;100034;277.200000000;3130;9523318563;B
20240205;100035;277.200000000;3700;9523318772;B
20240205;100035;277.200000000;40;9523318841;B
20240205;100035;277.200000000;10;9523318898;B
20240205;100035;277.200000000;10;9523318904;B
20240205;100035;277.190000000;1000;9523318967;S
20240205;100035;277.190000000;400;9523318968;S
20240205;100035;277.190000000;1000;9523318969;S
20240205;100035;277.190000000;100;9523318970;S
20240205;100035;277.190000000;200;9523318971;S
20240205;100035;277.190000000;200;9523318972;S
20240205;100035;277.190000000;100;9523318973;S
20240205;100035;277.190000000;200;9523318974;S
20240205;100035;277.190000000;510;9523318975;S
20240205;100035;277.030000000;10;9523318977;S
20240205;100035;277.030000000;250;9523318990;B
20240205;100035;277.030000000;30;9523318998;B
20240205;100035;277.030000000;70;9523318999;B
20240205;100035;277.030000000;30;9523319074;B
20240205;100035;277.030000000;20;9523319075;B
20240205;100036;277.010000000;100;9523319082;S
20240205;100036;277.010000000;100;9523319083;S
20240205;100036;277.010000000;80;9523319084;S
20240205;100036;277.010000000;90;9523319085;S
20240205;100036;277.010000000;110;9523319086;S
20240205;100036;277.010000000;100;9523319087;S
20240205;100036;277.010000000;100;9523319088;S
20240205;100036;277.010000000;60;9523319089;S
20240205;100036;277.010000000;140;9523319090;S
20240205;100036;277.010000000;100;9523319091;S
20240205;100036;277.010000000;100;9523319092;S
20240205;100036;277.010000000;200;9523319093;S
20240205;100036;277.010000000;400;9523319094;S
20240205;100036;277.010000000;100;9523319095;S
20240205;100036;277.010000000;100;9523319096;S
20240205;100036;277.190000000;10;9523319409;B
20240205;100037;277.060000000;40;9523319564;S
20240205;100037;277.130000000;10;9523319688;B
20240205;100038;277.120000000;30;9523319901;S
20240205;100038;277.010000000;90;9523319902;S
20240205;100038;277.130000000;10;9523319921;B
20240205;100039;277.130000000;40;9523320188;B
20240205;100039;277.140000000;10;9523320251;S
20240205;100039;277.180000000;10;9523320333;B
20240205;100039;277.200000000;350;9523320334;B
20240205;100040;277.140000000;40;9523320612;S
20240205;100040;277.200000000;20;9523320613;B
20240205;100043;277.190000000;10;9523321433;S
20240205;100043;277.200000000;10;9523321434;B
20240205;100043;277.190000000;20;9523321518;S
20240205;100043;277.190000000;10;9523321571;S
20240205;100043;277.190000000;40;9523321576;S
20240205;100043;277.200000000;10000;9523321664;B
20240205;100043;277.200000000;1260;9523321792;B
20240205;100045;277.190000000;640;9523322427;S
20240205;100045;277.140000000;370;9523322428;S
20240205;100045;277.140000000;370;9523322429;S
20240205;100045;277.130000000;2620;9523322430;S
20240205;100045;277.200000000;10;9523322454;B
20240205;100045;277.130000000;10;9523322494;S
20240205;100045;277.200000000;110;9523322518;B
20240205;100045;277.200000000;60;9523322527;B
20240205;100046;277.200000000;320;9523322626;B
20240205;100046;277.200000000;100;9523322627;B
20240205;100046;277.200000000;200;9523322628;B
20240205;100046;277.200000000;10;9523322629;B
20240205;100046;277.200000000;180;9523322630;B
20240205;100046;277.200000000;190;9523322631;B
20240205;100046;277.200000000;60;9523322654;B
20240205;100046;277.200000000;10;9523322655;B
20240205;100046;277.200000000;20;9523322656;B
20240205;100046;277.220000000;100;9523322657;B
20240205;100046;277.220000000;300;9523322658;B
20240205;100046;277.220000000;10;9523322815;S
20240205;100046;277.140000000;140;9523322816;S
20240205;100047;277.230000000;3000;9523323002;B
20240205;100047;277.140000000;370;9523323006;S
20240205;100047;277.130000000;1130;9523323007;S
20240205;100048;277.230000000;800;9523323325;B
20240205;100048;277.150000000;210;9523323336;S
20240205;100048;277.140000000;40;9523323462;S
20240205;100048;277.140000000;160;9523323463;S
20240205;100048;277.230000000;10;9523323467;B
20240205;100049;277.130000000;10;9523323556;S
20240205;100049;277.050000000;90;9523323557;S
20240205;100049;277.230000000;20;9523323628;B
20240205;100049;277.220000000;1500;9523323713;S
20240205;100049;277.220000000;500;9523323714;S
20240205;100050;277.230000000;500;9523323922;B
20240205;100050;277.230000000;50;9523323928;B
20240205;100050;277.230000000;10;9523324072;B
20240205;100050;277.230000000;10;9523324125;B
20240205;100050;277.230000000;10;9523324156;B
20240205;100051;277.220000000;10;9523324348;S
20240205;100051;277.220000000;150;9523324467;S
20240205;100052;277.230000000;30;9523324747;B
20240205;100052;277.220000000;20;9523325006;S
20240205;100053;277.230000000;560;9523325123;B
20240205;100053;277.230000000;20;9523325124;B
20240205;100053;277.230000000;10;9523325125;B
20240205;100053;277.240000000;390;9523325126;B
20240205;100053;277.260000000;50;9523325127;B
20240205;100053;277.270000000;10;9523325128;B
20240205;100053;277.270000000;50;9523325129;B
20240205;100053;277.290000000;150;9523325130;B
20240205;100053;277.300000000;20;9523325131;B
20240205;100053;277.300000000;150;9523325132;B
20240205;100053;277.300000000;10;9523325133;B
20240205;100053;277.300000000;200;9523325134;B
20240205;100053;277.300000000;20;9523325135;B
20240205;100053;277.300000000;100;9523325136;B
20240205;100053;277.300000000;20;9523325137;B
20240205;100053;277.310000000;10;9523325138;B
20240205;100053;277.310000000;470;9523325139;B
20240205;100053;277.310000000;600;9523325140;B
20240205;100053;277.320000000;2160;9523325141;B
20240205;100053;277.320000000;10;9523325142;B
20240205;100053;277.320000000;350;9523325146;B
20240205;100053;277.230000000;20;9523325183;S
20240205;100053;277.300000000;10;9523325185;B
20240205;100053;277.320000000;990;9523325186;B
20240205;100053;277.320000000;1490;9523325192;B
20240205;100053;277.330000000;10;9523325193;B
20240205;100053;277.330000000;500;9523325194;B
20240205;100053;277.340000000;10;9523325195;B
20240205;100053;277.340000000;10;9523325196;B
20240205;100053;277.350000000;3750;9523325197;B
20240205;100053;277.350000000;4980;9523325198;B
20240205;100053;277.350000000;250;9523325199;B
20240205;100053;277.350000000;10;9523325295;B
20240205;100053;277.350000000;50;9523325367;B
20240205;100053;277.350000000;10;9523325378;B
20240205;100053;277.340000000;290;9523325405;S
20240205;100053;277.220000000;710;9523325407;S
20240205;100053;277.220000000;1000;9523325409;S
20240205;100053;277.220000000;200;9523325410;S
20240205;100053;277.220000000;500;9523325411;S
20240205;100053;277.220000000;320;9523325412;S
20240205;100053;277.190000000;200;9523325414;S
20240205;100053;277.190000000;200;9523325415;S
20240205;100053;277.190000000;100;9523325417;S
20240205;100053;277.190000000;100;9523325418;S
20240205;100053;277.190000000;280;9523325419;S
20240205;100053;277.190000000;100;9523325420;S
20240205;100054;277.250000000;10;9523325515;B
20240205;100054;277.300000000;10;9523325516;B
20240205;100054;277.330000000;80;9523325517;B
20240205;100054;277.330000000;180;9523325519;B
20240205;100054;277.330000000;740;9523325537;B
20240205;100054;277.340000000;100;9523325538;B
20240205;100054;277.300000000;1140;9523325541;S
20240205;100054;277.300000000;310;9523325542;S
20240205;100054;277.270000000;300;9523325547;B
20240205;100054;277.270000000;150;9523325566;B
20240205;100054;277.340000000;50;9523325567;B
20240205;100054;277.340000000;10;9523325588;B
20240205;100054;277.330000000;150;9523325648;S
20240205;100054;277.300000000;100;9523325654;B
20240205;100054;277.310000000;150;9523325708;S
20240205;100054;277.340000000;260;9523325740;B
20240205;100054;277.310000000;10;9523325741;S
20240205;100055;277.310000000;30;9523325836;S
20240205;100055;277.340000000;280;9523325842;B
20240205;100055;277.350000000;4450;9523325843;B
20240205;100055;277.360000000;10;9523325844;B
20240205;100055;277.360000000;1000;9523325845;B
20240205;100055;277.380000000;10;9523325846;B
20240205;100055;277.380000000;50;9523325847;B
20240205;100055;277.380000000;10;9523325848;B
20240205;100055;277.390000000;10;9523325849;B
20240205;100055;277.400000000;10;9523325850;B
20240205;100055;277.400000000;40;9523325851;B
20240205;100055;277.400000000;20;9523325852;B
20240205;100055;277.400000000;200;9523325853;B
20240205;100055;277.400000000;30;9523325854;B
20240205;100055;277.400000000;20;9523325855;B
20240205;100055;277.400000000;250;9523325856;B
20240205;100055;277.430000000;1220;9523325857;B
20240205;100055;277.440000000;10;9523325858;B
20240205;100055;277.440000000;20;9523325859;B
20240205;100055;277.440000000;1000;9523325860;B
20240205;100055;277.440000000;370;9523325861;B
20240205;100055;277.450000000;990;9523325862;B
20240205;100055;277.450000000;20;9523325902;B
20240205;100055;277.450000000;100;9523325910;B
20240205;100055;277.450000000;200;9523325940;B
20240205;100055;277.440000000;140;9523325962;S
20240205;100055;277.310000000;100;9523325963;S
20240205;100055;277.310000000;10;9523325964;S
20240205;100055;277.310000000;1890;9523325965;S
20240205;100055;277.320000000;370;9523325966;S
20240205;100055;277.310000000;110;9523325967;S
20240205;100055;277.230000000;10;9523325968;S
20240205;100055;277.200000000;1410;9523325969;S
20240205;100055;277.340000000;10;9523325992;B
20240205;100055;277.220000000;20;9523325998;S
20240205;100055;277.430000000;10;9523326069;B
20240205;100055;277.420000000;1290;9523326090;S
20240205;100055;277.380000000;370;9523326116;B
20240205;100055;277.390000000;1080;9523326117;B
20240205;100056;277.380000000;100;9523326166;B
20240205;100056;277.380000000;1330;9523326172;B
20240205;100056;277.390000000;220;9523326173;B
20240205;100056;277.250000000;90;9523326231;S
20240205;100056;277.250000000;1000;9523326232;S
20240205;100056;277.380000000;10;9523326285;B
20240205;100056;277.260000000;50;9523326333;S
20240205;100056;277.250000000;40;9523326345;S
20240205;100056;277.380000000;10;9523326457;B
20240205;100056;277.380000000;500;9523326482;B
20240205;100057;277.270000000;10;9523326599;S
20240205;100057;277.270000000;20;9523326600;S
20240205;100057;277.350000000;800;9523326836;S
20240205;100057;277.270000000;20;9523326841;S
20240205;100057;277.350000000;430;9523326852;B
20240205;100057;277.350000000;10;9523326859;B
20240205;100058;277.280000000;10;9523326992;S
20240205;100058;277.280000000;330;9523326993;S
20240205;100058;277.350000000;10;9523327030;B
20240205;100058;277.350000000;10;9523327040;B
20240205;100059;277.350000000;300;9523327245;B
20240205;100059;277.370000000;200;9523327246;B
20240205;100059;277.380000000;100;9523327247;B
20240205;100059;277.300000000;40;9523327262;S
20240205;100059;277.350000000;10;9523327330;B
20240205;100059;277.380000000;270;9523327331;B
20240205;100059;277.390000000;20;9523327332;B
20240205;100059;277.380000000;10;9523327393;B
20240205;100059;277.300000000;50;9523327417;S
20240205;100059;277.380000000;360;9523327475;B
20240205;100100;277.370000000;580;9523327679;S
20240205;100100;277.310000000;20;9523327680;S
20240205;100100;277.370000000;10;9523327874;B
20240205;100100;277.380000000;10;9523327875;B
20240205;100101;277.360000000;100;9523328077;S
20240205;100102;277.300000000;410;9523328300;S
20240205;100102;277.300000000;1610;9523328301;S
20240205;100102;277.300000000;1480;9523328302;S
20240205;100102;277.270000000;480;9523328303;S
20240205;100102;277.230000000;1920;9523328304;S
20240205;100102;277.230000000;100;9523328305;S
20240205;100102;277.230000000;10;9523328306;S
20240205;100102;277.230000000;370;9523328307;S
20240205;100102;277.220000000;1690;9523328308;S
20240205;100102;277.360000000;200;9523328332;S
20240205;100102;277.360000000;200;9523328333;S
20240205;100102;277.360000000;1000;9523328334;S
20240205;100102;277.360000000;600;9523328335;S
20240205;100102;277.360000000;480;9523328336;S
20240205;100102;277.230000000;1520;9523328337;S
20240205;100102;277.180000000;10;9523328404;S
20240205;100102;277.180000000;220;9523328405;S
20240205;100102;277.140000000;170;9523328406;S
20240205;100103;277.350000000;200;9523328530;B
20240205;100103;277.360000000;10;9523328693;B
20240205;100104;277.360000000;40;9523328797;B
20240205;100104;277.340000000;10;9523329090;B
20240205;100104;277.360000000;20;9523329091;B
20240205;100105;277.240000000;30;9523329266;S
20240205;100106;277.290000000;10;9523329393;B
20240205;100106;277.230000000;10;9523329474;S
20240205;100106;277.230000000;10;9523329475;S
20240205;100106;277.230000000;20;9523329476;S
20240205;100106;277.230000000;540;9523329477;S
20240205;100106;277.290000000;10;9523329546;B
20240205;100106;277.140000000;100;9523329580;S
20240205;100106;277.140000000;200;9523329632;S
20240205;100107;277.140000000;200;9523329676;S
20240205;100107;277.140000000;200;9523329743;S
20240205;100107;277.140000000;200;9523329813;S
20240205;100108;277.180000000;500;9523330062;B
20240205;100108;277.290000000;100;9523330063;B
20240205;100108;277.140000000;200;9523330074;S
20240205;100108;277.140000000;200;9523330181;B
20240205;100108;277.140000000;200;9523330182;B
20240205;100108;277.200000000;100;9523330198;S
20240205;100108;277.200000000;200;9523330216;S
20240205;100109;277.200000000;100;9523330281;S
20240205;100109;277.200000000;100;9523330315;S
20240205;100109;277.200000000;70;9523330351;S
20240205;100109;277.200000000;30;9523330352;S
20240205;100109;277.130000000;70;9523330355;S
20240205;100110;277.130000000;200;9523330604;S
20240205;100110;277.130000000;200;9523330660;S
20240205;100110;277.130000000;100;9523330727;S
20240205;100110;277.130000000;80;9523330808;S
20240205;100111;277.240000000;50;9523331219;B
20240205;100111;277.270000000;90;9523331220;B
20240205;100111;277.290000000;250;9523331221;B
20240205;100111;277.290000000;110;9523331222;B
20240205;100113;277.160000000;30;9523331645;S
20240205;100114;277.230000000;30;9523332006;B
20240205;100114;277.290000000;220;9523332007;B
20240205;100114;277.140000000;1000;9523332067;S
20240205;100114;277.210000000;20;9523332206;B
20240205;100114;277.290000000;80;9523332207;B
20240205;100114;277.290000000;200;9523332208;B
20240205;100114;277.140000000;470;9523332238;S
20240205;100114;277.130000000;530;9523332239;S
20240205;100115;277.130000000;20;9523332299;S
20240205;100115;277.140000000;100;9523332369;B
20240205;100115;277.140000000;50;9523332522;B
20240205;100115;277.130000000;1000;9523332605;S
20240205;100116;277.270000000;100;9523332670;S
20240205;100116;277.270000000;200;9523332699;S
20240205;100116;277.270000000;60;9523332707;S
20240205;100116;277.130000000;140;9523332708;S
20240205;100116;277.280000000;100;9523332993;S
20240205;100117;277.290000000;10;9523333004;B
20240205;100117;277.280000000;200;9523333044;S
20240205;100117;277.280000000;100;9523333128;S
20240205;100117;277.280000000;200;9523333136;S
20240205;100117;277.280000000;200;9523333160;S
20240205;100118;277.280000000;60;9523333354;S
20240205;100118;277.140000000;40;9523333355;S
20240205;100118;277.140000000;300;9523333360;S
20240205;100119;277.140000000;100;9523333749;S
20240205;100119;277.140000000;180;9523333785;S
20240205;100121;277.140000000;20;9523334309;B
20240205;100121;277.140000000;100;9523334310;B
20240205;100121;277.140000000;180;9523334311;B
20240205;100121;277.130000000;20;9523334413;S
20240205;100122;277.130000000;1000;9523334755;S
20240205;100124;277.140000000;10;9523335002;B
20240205;100124;277.130000000;60;9523335143;S
20240205;100126;277.140000000;300;9523335599;B
20240205;100127;277.140000000;300;9523335687;B
20240205;100128;277.130000000;10;9523336237;S
20240205;100129;277.130000000;1570;9523336355;S
20240205;100129;277.130000000;10;9523336356;S
20240205;100129;277.130000000;420;9523336357;S
20240205;100129;277.140000000;10;9523336404;B
20240205;100129;277.130000000;180;9523336440;S
20240205;100129;277.130000000;200;9523336441;S
20240205;100129;277.130000000;500;9523336442;S
20240205;100129;277.130000000;700;9523336443;S
20240205;100129;277.130000000;300;9523336444;S
20240205;100129;277.130000000;400;9523336445;S
20240205;100129;277.130000000;500;9523336446;S
20240205;100129;277.130000000;100;9523336447;S
20240205;100129;277.130000000;10;9523336448;S
20240205;100129;277.130000000;250;9523336449;S
20240205;100129;277.130000000;10;9523336450;S
20240205;100129;277.130000000;100;9523336451;S
20240205;100129;277.050000000;10;9523336452;S
20240205;100129;277.010000000;100;9523336453;S
20240205;100129;277.010000000;40;9523336454;S
20240205;100129;277.010000000;60;9523336455;S
20240205;100129;277.010000000;790;9523336456;S
20240205;100129;277.010000000;10;9523336457;S
20240205;100129;277.130000000;10;9523336530;S
20240205;100129;277.020000000;990;9523336531;S
20240205;100129;277.020000000;1500;9523336647;S
20240205;100129;277.020000000;2000;9523336648;S
20240205;100129;277.010000000;100;9523336649;S
20240205;100129;277.010000000;1400;9523336650;S
20240205;100129;277.010000000;10;9523336670;S
20240205;100130;277.200000000;20;9523336833;B
20240205;100130;277.200000000;480;9523336834;B
20240205;100134;277.040000000;370;9523337973;S
20240205;100134;277.040000000;30;9523337974;S
20240205;100136;277.090000000;80;9523338693;B
20240205;100136;277.090000000;10;9523338836;B
20240205;100137;277.050000000;10;9523338974;S
20240205;100137;277.040000000;330;9523338975;S
20240205;100137;277.000000000;640;9523338976;S
20240205;100137;277.000000000;10;9523339074;S
20240205;100139;277.000000000;250;9523339707;S
20240205;100140;277.090000000;70;9523339777;B
20240205;100142;277.090000000;10;9523340432;B
20240205;100143;277.090000000;30;9523340698;B
20240205;100143;277.090000000;30;9523340699;S
20240205;100143;277.020000000;70;9523340700;S
20240205;100143;277.020000000;200;9523340702;S
20240205;100143;277.020000000;100;9523340703;S
20240205;100143;277.020000000;30;9523340704;S
20240205;100143;277.020000000;10;9523340811;B
20240205;100144;277.010000000;60;9523340812;S
20240205;100144;277.100000000;20;9523340939;B
20240205;100144;277.130000000;10;9523340940;B
20240205;100146;277.020000000;440;9523341488;B
20240205;100147;277.020000000;10;9523341866;B
20240205;100147;277.010000000;20;9523341897;S
20240205;100147;277.010000000;1130;9523341936;S
20240205;100147;277.000000000;2870;9523341937;S
20240205;100147;277.000000000;300;9523341951;S
20240205;100148;277.020000000;150;9523342255;B
20240205;100148;277.020000000;100;9523342256;B
20240205;100148;277.020000000;90;9523342257;B
20240205;100149;277.010000000;370;9523342373;S
20240205;100149;277.000000000;660;9523342374;S
20240205;100149;277.000000000;2000;9523342375;S
20240205;100149;277.000000000;20;9523342376;S
20240205;100149;277.000000000;10;9523342377;S
20240205;100149;277.000000000;10;9523342378;S
20240205;100149;277.000000000;430;9523342379;S
20240205;100151;277.000000000;100;9523342851;S
20240205;100151;277.000000000;100;9523342858;S
20240205;100152;277.010000000;30;9523343259;S
20240205;100153;277.010000000;70;9523343665;S
20240205;100153;277.000000000;130;9523343666;S
20240205;100154;277.010000000;590;9523344341;S
20240205;100154;277.020000000;70;9523344524;B
20240205;100154;277.020000000;160;9523344525;B
20240205;100154;277.020000000;160;9523344526;B
20240205;100154;277.020000000;110;9523344527;B
20240205;100155;277.010000000;550;9523344628;S
20240205;100155;277.010000000;120;9523344899;S
20240205;100156;277.040000000;150;9523345114;B
20240205;100156;277.010000000;300;9523345216;S
20240205;100156;277.040000000;100;9523345256;B
20240205;100157;277.040000000;10;9523345382;B
20240205;100157;277.040000000;40;9523345421;B
20240205;100157;277.130000000;40;9523345422;B
20240205;100157;277.130000000;20;9523345423;B
20240205;100157;277.130000000;10;9523345566;B
20240205;100158;277.130000000;10;9523345677;B
20240205;100200;277.130000000;30;9523346354;B
20240205;100200;277.130000000;10;9523346375;B
20240205;100201;277.120000000;500;9523346549;S
20240205;100201;277.120000000;660;9523346591;S
20240205;100201;277.020000000;500;9523346592;S
20240205;100201;277.020000000;840;9523346665;B
20240205;100202;277.040000000;100;9523346803;S
20240205;100203;277.020000000;40;9523346969;S
20240205;100204;277.110000000;10;9523347226;B
20240205;100205;277.120000000;20;9523347532;B
20240205;100205;277.120000000;10;9523347687;B
20240205;100205;277.040000000;10;9523347817;S
20240205;100206;277.100000000;10;9523348019;B
20240205;100207;277.130000000;20;9523348435;B
20240205;100207;277.130000000;30;9523348436;B
20240205;100208;277.130000000;40;9523348604;B
20240205;100210;277.040000000;10;9523349294;S
20240205;100210;277.040000000;220;9523349318;S
20240205;100211;277.120000000;10;9523349622;B
20240205;100212;277.120000000;10;9523349897;B
20240205;100213;277.120000000;50;9523349925;B
20240205;100213;277.100000000;150;9523350027;S
20240205;100214;277.100000000;150;9523350367;S
20240205;100214;277.100000000;10;9523350368;S
20240205;100214;277.040000000;90;9523350369;S
20240205;100215;277.040000000;10;9523350461;S
20240205;100215;277.040000000;860;9523350576;S
20240205;100215;277.040000000;610;9523350577;S
20240205;100215;277.040000000;30;9523350578;S
20240205;100216;277.120000000;30;9523350778;B
20240205;100216;277.120000000;20;9523350779;B
20240205;100217;277.120000000;50;9523351342;B
20240205;100219;277.120000000;20;9523351836;S
20240205;100220;277.130000000;10;9523352476;B
20240205;100221;277.130000000;50;9523352794;B
20240205;100222;277.130000000;10;9523353022;B
20240205;100222;277.120000000;40;9523353280;S
20240205;100223;277.130000000;30;9523353399;B
20240205;100223;277.130000000;30;9523353400;B
20240205;100223;277.130000000;20;9523353551;B
20240205;100223;277.130000000;20;9523353557;B
20240205;100223;277.120000000;30;9523353574;S
20240205;100223;277.130000000;210;9523353576;B
20240205;100223;277.120000000;80;9523353603;S
20240205;100224;277.130000000;30;9523353724;B
20240205;100224;277.130000000;10;9523353765;B
20240205;100224;277.120000000;180;9523353812;S
20240205;100225;277.130000000;10;9523353905;B
20240205;100225;277.130000000;330;9523353976;B
20240205;100225;277.130000000;10;9523353977;B
20240205;100225;277.130000000;300;9523353978;B
20240205;100227;277.130000000;40;9523354633;S
20240205;100227;277.140000000;200;9523354709;B
20240205;100227;277.180000000;300;9523354710;B
20240205;100227;277.140000000;370;9523354771;S
20240205;100227;277.140000000;530;9523354772;S
20240205;100228;277.180000000;200;9523354851;B
20240205;100228;277.180000000;510;9523354852;B
20240205;100228;277.180000000;20;9523354883;B
20240205;100228;277.170000000;2000;9523354930;S
20240205;100230;277.180000000;20;9523355507;B
20240205;100230;277.190000000;20;9523355519;S
20240205;100231;277.200000000;20;9523356288;B
20240205;100231;277.200000000;200;9523356289;B
20240205;100233;277.190000000;20;9523356692;S
20240205;100234;277.190000000;590;9523356963;S
20240205;100235;277.190000000;10;9523357263;S
20240205;100236;277.200000000;370;9523357522;B
20240205;100236;277.190000000;20;9523357697;S
20240205;100236;277.200000000;10;9523357703;B
20240205;100236;277.190000000;100;9523357705;S
20240205;100237;277.190000000;10;9523357819;S
20240205;100238;277.190000000;50;9523358365;S
20240205;100238;277.200000000;10;9523358392;B
20240205;100239;277.190000000;100;9523358529;S
20240205;100240;277.200000000;500;9523358917;B
20240205;100240;277.190000000;100;9523358984;S
20240205;100240;277.200000000;100;9523358990;B
20240205;100241;277.200000000;100;9523359224;B
20240205;100242;277.200000000;100;9523359494;B
20240205;100243;277.190000000;920;9523359702;S
20240205;100243;277.190000000;100;9523359703;S
20240205;100243;277.190000000;50;9523359747;B
20240205;100243;277.190000000;930;9523359748;B
20240205;100243;277.200000000;470;9523359749;B
20240205;100244;277.190000000;20;9523359959;S
20240205;100244;277.200000000;40;9523360011;B
20240205;100246;277.200000000;3100;9523360222;B
20240205;100246;277.200000000;50;9523360223;B
20240205;100246;277.200000000;50;9523360224;B
20240205;100246;277.200000000;300;9523360225;B
20240205;100246;277.200000000;100;9523360226;B
20240205;100246;277.200000000;630;9523360227;B
20240205;100246;277.200000000;500;9523360228;B
20240205;100246;277.200000000;100;9523360229;B
20240205;100246;277.200000000;110;9523360230;B
20240205;100246;277.200000000;210;9523360231;B
20240205;100246;277.220000000;40;9523360232;B
20240205;100246;277.220000000;100;9523360233;B
20240205;100246;277.220000000;2940;9523360234;B
20240205;100246;277.260000000;300;9523360235;B
20240205;100246;277.260000000;50;9523360236;B
20240205;100246;277.280000000;70;9523360237;B
20240205;100246;277.290000000;130;9523360238;B
20240205;100246;277.300000000;200;9523360239;B
20240205;100246;277.300000000;20;9523360240;B
20240205;100246;277.300000000;50;9523360241;B
20240205;100246;277.300000000;100;9523360242;B
20240205;100246;277.300000000;850;9523360243;B
20240205;100247;277.210000000;370;9523360536;S
20240205;100247;277.200000000;1340;9523360537;S
20240205;100247;277.300000000;200;9523360629;B
20240205;100248;277.210000000;10;9523360807;S
20240205;100248;277.210000000;100;9523360841;S
20240205;100249;277.210000000;110;9523361018;S
20240205;100250;277.220000000;10;9523361171;S
20240205;100253;277.300000000;500;9523361943;B
20240205;100253;277.300000000;10;9523361945;B
20240205;100253;277.300000000;10;9523362038;B
20240205;100255;277.300000000;20;9523362539;B
20240205;100256;277.200000000;220;9523362662;S
20240205;100256;277.200000000;200;9523362703;S
20240205;100256;277.300000000;10;9523362722;B
20240205;100256;277.200000000;10;9523362776;S
20240205;100257;277.200000000;10;9523362853;S
20240205;100257;277.300000000;10;9523362895;B
20240205;100257;277.300000000;10;9523363000;B
20240205;100258;277.300000000;10;9523363062;B
20240205;100258;277.200000000;60;9523363063;S
20240205;100258;277.200000000;140;9523363064;S
20240205;100259;277.270000000;10;9523363229;B
20240205;100259;277.280000000;10;9523363230;B
20240205;100259;277.290000000;10;9523363231;B
20240205;100259;277.290000000;370;9523363232;B
20240205;100259;277.290000000;150;9523363233;B
20240205;100259;277.200000000;1000;9523363352;S
20240205;100300;277.200000000;110;9523363503;S
20240205;100300;277.190000000;180;9523363524;S
20240205;100300;277.150000000;300;9523363525;S
20240205;100300;277.130000000;40;9523363526;S
20240205;100300;277.200000000;100;9523363552;B
20240205;100301;277.200000000;10;9523363689;B
20240205;100301;277.140000000;30;9523363710;S
20240205;100301;277.200000000;130;9523363843;B
20240205;100302;277.140000000;340;9523364043;S
20240205;100302;277.200000000;100;9523364062;B
20240205;100302;277.140000000;10;9523364072;S
20240205;100303;277.200000000;1320;9523364252;B
20240205;100304;277.290000000;20;9523364368;B
20240205;100304;277.280000000;30;9523364470;B
20240205;100304;277.290000000;70;9523364471;B
20240205;100304;277.290000000;10;9523364532;B
20240205;100305;277.290000000;130;9523364611;B
20240205;100305;277.290000000;370;9523364612;B
20240205;100305;277.290000000;500;9523364613;B
20240205;100305;277.290000000;50;9523364614;B
20240205;100305;277.300000000;3350;9523364615;B
20240205;100305;277.290000000;10;9523364652;B
20240205;100306;277.290000000;10;9523364874;B
20240205;100306;277.290000000;30;9523364972;B
20240205;100307;277.240000000;10;9523365106;S
20240205;100307;277.290000000;300;9523365153;B
20240205;100308;277.240000000;100;9523365256;S
20240205;100308;277.240000000;10;9523365269;S
20240205;100308;277.240000000;10;9523365395;S
20240205;100310;277.300000000;20;9523365756;B
20240205;100310;277.300000000;80;9523365767;B
20240205;100310;277.260000000;40;9523365895;S
20240205;100311;277.300000000;100;9523366192;B
20240205;100312;277.290000000;100;9523366595;S
20240205;100313;277.300000000;10;9523366860;B
20240205;100314;277.300000000;40;9523366986;B
20240205;100314;277.290000000;100;9523367115;S
20240205;100315;277.290000000;10;9523367299;S
20240205;100316;277.290000000;10;9523367504;S
20240205;100316;277.290000000;30;9523367505;S
20240205;100317;277.280000000;200;9523367679;B
20240205;100317;277.280000000;700;9523367740;B
20240205;100318;277.200000000;400;9523368168;S
20240205;100318;277.280000000;10;9523368287;B
20240205;100319;277.280000000;50;9523368579;B
20240205;100319;277.300000000;950;9523368580;B
20240205;100319;277.300000000;10;9523368591;B
20240205;100320;277.300000000;100;9523368851;B
20240205;100322;277.300000000;1080;9523369281;B
20240205;100322;277.300000000;150;9523369400;B
20240205;100322;277.300000000;10;9523369433;B
20240205;100323;277.300000000;7670;9523369527;B
20240205;100323;277.300000000;10;9523369528;B
20240205;100323;277.300000000;570;9523369529;B
20240205;100323;277.300000000;700;9523369530;B
20240205;100323;277.300000000;60;9523369531;B
20240205;100323;277.300000000;50;9523369532;B
20240205;100323;277.300000000;20;9523369533;B
20240205;100323;277.300000000;20;9523369534;B
20240205;100323;277.300000000;50;9523369535;B
20240205;100323;277.300000000;20;9523369536;S
20240205;100324;277.310000000;10;9523369601;B
20240205;100324;277.310000000;5990;9523369619;B
20240205;100324;277.310000000;10;9523369620;B
20240205;100324;277.310000000;50;9523369621;B
20240205;100324;277.330000000;500;9523369622;B
20240205;100324;277.330000000;100;9523369623;B
20240205;100324;277.340000000;30;9523369624;B
20240205;100324;277.340000000;500;9523369625;B
20240205;100324;277.350000000;200;9523369626;B
20240205;100324;277.350000000;2000;9523369627;B
20240205;100324;277.350000000;250;9523369628;B
20240205;100324;277.360000000;10;9523369629;B
20240205;100324;277.360000000;300;9523369630;B
20240205;100324;277.370000000;10;9523369631;B
20240205;100324;277.380000000;10;9523369632;B
20240205;100324;277.380000000;40;9523369633;B
20240205;100324;277.320000000;370;9523369636;S
20240205;100324;277.310000000;20;9523369637;S
20240205;100324;277.310000000;1330;9523369638;S
20240205;100324;277.320000000;250;9523369718;S
20240205;100325;277.310000000;10;9523369798;S
20240205;100325;277.380000000;100;9523369805;B
20240205;100325;277.380000000;10;9523369981;B
20240205;100326;277.310000000;500;9523370046;S
20240205;100326;277.380000000;10;9523370047;B
20240205;100326;277.320000000;370;9523370069;S
20240205;100326;277.310000000;4620;9523370070;S
20240205;100326;277.380000000;10;9523370114;B
20240205;100326;277.300000000;100;9523370247;S
20240205;100326;277.300000000;500;9523370257;S
20240205;100327;277.330000000;10;9523370422;B
20240205;100329;277.300000000;10;9523370689;S
20240205;100330;277.370000000;10;9523371034;B
20240205;100330;277.380000000;130;9523371035;B
20240205;100330;277.390000000;560;9523371036;B
20240205;100330;277.390000000;10;9523371164;B
20240205;100331;277.300000000;200;9523371252;S
20240205;100331;277.300000000;20;9523371263;S
20240205;100331;277.300000000;10;9523371264;S
20240205;100331;277.300000000;60;9523371265;S
20240205;100332;277.300000000;20;9523371319;S
20240205;100332;277.390000000;20;9523371352;B
20240205;100334;277.300000000;200;9523371833;S
20240205;100335;277.310000000;10;9523371994;B
20240205;100335;277.300000000;100;9523372052;S
20240205;100336;277.310000000;40;9523372214;B
20240205;100336;277.310000000;100;9523372215;B
20240205;100336;277.390000000;10;9523372216;B
20240205;100336;277.400000000;50;9523372217;B
20240205;100336;277.400000000;10;9523372218;B
20240205;100336;277.400000000;20;9523372219;B
20240205;100336;277.400000000;50;9523372220;B
20240205;100336;277.400000000;30;9523372221;B
20240205;100336;277.410000000;20;9523372222;B
20240205;100336;277.420000000;370;9523372223;B
20240205;100336;277.430000000;50;9523372224;B
20240205;100336;277.430000000;1000;9523372225;B
20240205;100336;277.440000000;100;9523372226;B
20240205;100336;277.440000000;20;9523372227;B
20240205;100336;277.440000000;3130;9523372228;B
20240205;100336;277.300000000;10;9523372229;S
20240205;100336;277.440000000;10;9523372276;B
20240205;100338;277.400000000;10;9523372478;B
20240205;100338;277.400000000;10;9523372589;B
20240205;100341;277.330000000;300;9523373281;S
20240205;100342;277.330000000;60;9523373644;S
20240205;100342;277.370000000;10;9523373674;B
20240205;100342;277.400000000;80;9523373675;B
20240205;100342;277.430000000;30;9523373676;B
20240205;100342;277.450000000;430;9523373677;B
20240205;100344;277.390000000;10;9523373898;S
20240205;100345;277.330000000;30;9523374097;S
20240205;100345;277.330000000;100;9523374126;S
20240205;100346;277.400000000;20;9523374504;B
20240205;100346;277.430000000;30;9523374505;B
20240205;100347;277.330000000;200;9523374671;S
20240205;100348;277.390000000;10;9523375032;S
20240205;100348;277.420000000;50;9523375095;B
20240205;100348;277.430000000;50;9523375096;B
20240205;100349;277.420000000;50;9523375221;B
20240205;100349;277.430000000;290;9523375222;B
20240205;100349;277.430000000;150;9523375223;B
20240205;100349;277.420000000;100;9523375228;B
20240205;100349;277.390000000;20;9523375383;S
20240205;100350;277.390000000;70;9523375494;S
20240205;100350;277.330000000;230;9523375495;S
20240205;100350;277.390000000;150;9523375515;B
20240205;100350;277.390000000;370;9523375516;B
20240205;100350;277.400000000;4000;9523375517;B
20240205;100350;277.420000000;50;9523375518;B
20240205;100350;277.420000000;50;9523375519;B
20240205;100350;277.430000000;350;9523375520;B
20240205;100350;277.430000000;50;9523375521;B
20240205;100350;277.440000000;2000;9523375522;B
20240205;100350;277.450000000;5180;9523375523;B
20240205;100350;277.450000000;120;9523375524;B
20240205;100350;277.450000000;700;9523375525;B
20240205;100350;277.450000000;250;9523375526;B
20240205;100350;277.460000000;10;9523375527;B
20240205;100350;277.460000000;120;9523375528;B
20240205;100350;277.460000000;1000;9523375529;B
20240205;100350;277.460000000;200;9523375530;B
20240205;100350;277.470000000;10;9523375531;B
20240205;100350;277.470000000;800;9523375532;B
20240205;100350;277.470000000;1000;9523375533;B
20240205;100350;277.470000000;2000;9523375534;B
20240205;100350;277.470000000;580;9523375535;B
20240205;100350;277.480000000;50;9523375536;B
20240205;100350;277.480000000;10;9523375537;B
20240205;100350;277.480000000;200;9523375538;B
20240205;100350;277.480000000;80;9523375539;B
20240205;100350;277.480000000;270;9523375540;B
20240205;100350;277.480000000;390;9523375541;B
20240205;100350;277.480000000;700;9523375542;B
20240205;100350;277.480000000;1000;9523375543;B
20240205;100350;277.480000000;10;9523375544;B
20240205;100350;277.490000000;1000;9523375545;B
20240205;100350;277.490000000;10;9523375546;B
20240205;100350;277.490000000;30;9523375547;B
20240205;100350;277.490000000;20000;9523375548;B
20240205;100350;277.490000000;1000;9523375549;B
20240205;100350;277.500000000;10;9523375550;B
20240205;100350;277.500000000;40000;9523375551;B
20240205;100350;277.500000000;10;9523375552;B
20240205;100350;277.500000000;200;9523375553;B
20240205;100350;277.500000000;200;9523375554;B
20240205;100350;277.500000000;70;9523375555;B
20240205;100350;277.500000000;80;9523375556;B
20240205;100350;277.500000000;20;9523375557;B
20240205;100350;277.500000000;10;9523375558;B
20240205;100350;277.500000000;20;9523375559;B
20240205;100350;277.500000000;130;9523375560;B
20240205;100350;277.500000000;200;9523375561;B
20240205;100350;277.500000000;30;9523375562;B
20240205;100350;277.500000000;3500;9523375563;B
20240205;100350;277.500000000;3000;9523375564;B
20240205;100350;277.500000000;50;9523375565;B
20240205;100350;277.500000000;60;9523375566;B
20240205;100350;277.500000000;150;9523375567;B
20240205;100350;277.500000000;20;9523375568;B
20240205;100350;277.500000000;250;9523375569;B
20240205;100350;277.500000000;50;9523375570;B
20240205;100350;277.500000000;100;9523375571;B
20240205;100350;277.500000000;10;9523375572;B
20240205;100350;277.500000000;10;9523375573;B
20240205;100350;277.500000000;50;9523375574;B
20240205;100350;277.510000000;10;9523375575;B
20240205;100350;277.510000000;50;9523375576;B
20240205;100350;277.510000000;2000;9523375577;B
20240205;100350;277.520000000;60;9523375578;B
20240205;100350;277.520000000;10;9523375579;B
20240205;100350;277.530000000;20;9523375580;B
20240205;100350;277.550000000;200;9523375581;B
20240205;100350;277.560000000;5000;9523375582;B
20240205;100350;277.560000000;800;9523375583;B
20240205;100350;277.560000000;1500;9523375584;B
20240205;100350;277.570000000;400;9523375585;B
20240205;100350;277.570000000;10;9523375586;B
20240205;100350;277.580000000;50;9523375587;B
20240205;100350;277.580000000;580;9523375588;B
20240205;100350;277.590000000;10;9523375589;B
20240205;100350;277.600000000;10;9523375590;B
20240205;100350;277.600000000;200;9523375591;B
20240205;100350;277.600000000;10;9523375592;B
20240205;100350;277.600000000;10;9523375593;B
20240205;100350;277.600000000;20;9523375594;B
20240205;100350;277.600000000;250;9523375595;B
20240205;100350;277.610000000;80;9523375596;B
20240205;100350;277.610000000;3000;9523375597;B
20240205;100350;277.650000000;10;9523375598;B
20240205;100350;277.650000000;10;9523375599;B
20240205;100350;277.650000000;250;9523375600;B
20240205;100350;277.680000000;3000;9523375601;B
20240205;100350;277.680000000;10;9523375602;B
20240205;100350;277.680000000;390;9523375603;B
20240205;100350;277.700000000;10;9523375604;B
20240205;100350;277.700000000;20;9523375605;B
20240205;100350;277.700000000;1000;9523375606;B
20240205;100350;277.700000000;10;9523375607;B
20240205;100350;277.700000000;200;9523375608;B
20240205;100350;277.700000000;250;9523375609;B
20240205;100350;277.700000000;100;9523375610;B
20240205;100350;277.700000000;20;9523375611;B
20240205;100350;277.710000000;10;9523375612;B
20240205;100350;277.720000000;10;9523375613;B
20240205;100350;277.730000000;50;9523375614;B
20240205;100350;277.730000000;5790;9523375615;B
20240205;100350;277.720000000;10;9523375618;B
20240205;100350;277.720000000;40;9523375619;B
20240205;100350;277.720000000;10;9523375620;B
20240205;100350;277.720000000;10;9523375621;B
20240205;100350;277.720000000;10;9523375623;B
20240205;100350;277.720000000;10;9523375624;B
20240205;100350;277.720000000;30;9523375625;B
20240205;100350;277.720000000;750;9523375626;B
20240205;100350;277.720000000;20;9523375627;B
20240205;100350;277.460000000;2000;9523375629;B
20240205;100350;277.350000000;500;9523375633;S
20240205;100350;277.350000000;300;9523375634;S
20240205;100350;277.350000000;300;9523375635;S
20240205;100350;277.420000000;1000;9523375636;S
20240205;100350;277.420000000;1000;9523375637;S
20240205;100350;277.370000000;700;9523375638;B
20240205;100350;277.590000000;10;9523375642;B
20240205;100350;277.590000000;590;9523375653;B
20240205;100350;277.590000000;1940;9523375654;B
20240205;100350;277.610000000;1660;9523375655;B
20240205;100350;277.620000000;100;9523375663;B
20240205;100350;277.620000000;10;9523375670;B
20240205;100350;277.470000000;10;9523375672;S
20240205;100350;277.470000000;2090;9523375679;S
20240205;100350;277.620000000;1890;9523375680;B
20240205;100350;277.640000000;1000;9523375681;B
20240205;100350;277.640000000;200;9523375682;B
20240205;100350;277.700000000;500;9523375683;B
20240205;100350;277.710000000;370;9523375684;B
20240205;100350;277.710000000;20;9523375685;B
20240205;100350;277.710000000;2020;9523375686;B
20240205;100350;277.600000000;30;9523375692;S
20240205;100350;277.370000000;160;9523375693;S
20240205;100350;277.440000000;20;9523375694;B
20240205;100350;277.500000000;100;9523375696;B
20240205;100350;277.650000000;40;9523375697;B
20240205;100350;277.670000000;80;9523375698;B
20240205;100350;277.710000000;180;9523375699;B
20240205;100351;277.580000000;300;9523375708;S
20240205;100351;277.670000000;80;9523375712;B
20240205;100351;277.680000000;500;9523375735;B
20240205;100351;277.530000000;20;9523375746;S
20240205;100351;277.680000000;1500;9523375747;B
20240205;100351;277.730000000;1380;9523375748;B
20240205;100351;277.730000000;370;9523375749;B
20240205;100351;277.740000000;1440;9523375750;B
20240205;100351;277.740000000;4980;9523375751;B
20240205;100351;277.750000000;20;9523375752;B
20240205;100351;277.750000000;50;9523375753;B
20240205;100351;277.750000000;70;9523375754;B
20240205;100351;277.750000000;100;9523375755;B
20240205;100351;277.750000000;90;9523375756;B
20240205;100351;277.680000000;720;9523375764;B
20240205;100351;277.750000000;10;9523375771;B
20240205;100351;277.590000000;2000;9523375772;S
20240205;100351;277.750000000;20;9523375773;B
20240205;100351;277.590000000;580;9523375775;S
20240205;100351;277.750000000;10;9523375776;B
20240205;100351;277.750000000;70;9523375777;B
20240205;100351;277.760000000;20;9523375778;B
20240205;100351;277.760000000;10;9523375779;B
20240205;100351;277.760000000;40;9523375780;B
20240205;100351;277.760000000;60;9523375781;B
20240205;100351;277.630000000;80;9523375799;S
20240205;100351;277.680000000;10;9523375863;B
20240205;100351;277.760000000;100;9523375864;B
20240205;100351;277.770000000;20;9523375865;B
20240205;100351;277.770000000;30;9523375867;B
20240205;100351;277.770000000;20;9523375870;B
20240205;100351;277.640000000;150;9523375871;S
20240205;100351;277.770000000;130;9523375872;B
20240205;100351;277.770000000;10;9523375873;B
20240205;100351;277.770000000;100;9523375874;B
20240205;100351;277.770000000;170;9523375875;B
20240205;100351;277.510000000;300;9523375876;S
20240205;100351;277.770000000;110;9523375877;B
20240205;100351;277.510000000;70;9523375878;S
20240205;100351;277.500000000;50;9523375879;S
20240205;100351;277.460000000;800;9523375880;S
20240205;100351;277.400000000;20;9523375881;S
20240205;100351;277.390000000;1060;9523375882;S
20240205;100351;277.510000000;50;9523375883;S
20240205;100351;277.770000000;220;9523375884;B
20240205;100351;277.770000000;50;9523375885;B
20240205;100351;277.790000000;10;9523375886;B
20240205;100351;277.790000000;10;9523375887;B
20240205;100351;277.790000000;100;9523375888;B
20240205;100351;277.790000000;10;9523375889;B
20240205;100351;277.790000000;80;9523375890;B
20240205;100351;277.790000000;520;9523375891;B
20240205;100351;277.510000000;4950;9523375892;S
20240205;100351;277.390000000;3260;9523375893;S
20240205;100351;277.380000000;10000;9523375894;S
20240205;100351;277.370000000;2000;9523375895;S
20240205;100351;277.330000000;10080;9523375896;S
20240205;100351;277.300000000;110;9523375897;S
20240205;100351;277.300000000;10;9523375898;S
20240205;100351;277.300000000;550;9523375899;S
20240205;100351;277.300000000;80;9523375900;S
20240205;100351;277.300000000;17200;9523375901;S
20240205;100351;277.300000000;10;9523375902;S
20240205;100351;277.280000000;1000;9523375903;S
20240205;100351;277.280000000;1110;9523375904;S
20240205;100351;277.280000000;3000;9523375905;S
20240205;100351;277.280000000;3000;9523375906;S
20240205;100351;277.240000000;20;9523375907;S
20240205;100351;277.230000000;3000;9523375908;S
20240205;100351;277.200000000;280;9523375909;S
20240205;100351;277.200000000;20;9523375910;S
20240205;100351;277.200000000;100;9523375911;S
20240205;100351;277.200000000;300;9523375912;S
20240205;100351;277.200000000;10;9523375913;S
20240205;100351;277.200000000;50;9523375914;S
20240205;100351;277.200000000;50;9523375915;S
20240205;100351;277.190000000;900;9523375916;S
20240205;100351;277.180000000;1370;9523375918;B
20240205;100351;277.180000000;300;9523375919;B
20240205;100351;277.180000000;10000;9523375920;B
20240205;100351;277.180000000;1000;9523375921;B
20240205;100351;277.180000000;930;9523375922;B
20240205;100351;277.180000000;340;9523375923;B
20240205;100351;277.180000000;300;9523375924;B
20240205;100351;277.180000000;1000;9523375925;B
20240205;100351;277.140000000;20;9523375926;S
20240205;100351;277.180000000;4500;9523375927;B
20240205;100351;277.180000000;200;9523375928;B
20240205;100351;277.180000000;90;9523375929;B
20240205;100351;277.180000000;1430;9523375930;B
20240205;100351;277.180000000;100;9523375931;B
20240205;100351;277.180000000;20;9523375932;B
20240205;100351;277.180000000;1000;9523375933;B
20240205;100351;277.180000000;600;9523375934;B
20240205;100351;277.180000000;30;9523375952;B
20240205;100351;277.140000000;40;9523375954;S
20240205;100351;277.140000000;60;9523375955;S
20240205;100351;277.180000000;600;9523375972;B
20240205;100351;277.180000000;200;9523375973;B
20240205;100351;277.180000000;20;9523375976;B
20240205;100351;277.180000000;20;9523375977;B
20240205;100351;277.180000000;20;9523375978;B
20240205;100351;277.180000000;20;9523375979;B
20240205;100351;277.180000000;300;9523375980;B
20240205;100351;277.180000000;200;9523375981;B
20240205;100351;277.180000000;20;9523375982;B
20240205;100351;277.140000000;30;9523375983;S
20240205;100351;277.180000000;1990;9523375984;B
20240205;100351;277.180000000;200;9523375985;B
20240205;100351;277.180000000;20;9523375986;B
20240205;100351;277.180000000;20;9523375987;B
20240205;100351;277.180000000;20;9523375988;B
20240205;100351;277.180000000;50;9523375990;B
20240205;100351;277.180000000;1230;9523376004;B
20240205;100351;277.180000000;400;9523376006;B
20240205;100351;277.180000000;100;9523376022;B
20240205;100351;277.180000000;100;9523376023;B
20240205;100351;277.180000000;100;9523376024;B
20240205;100351;277.180000000;20;9523376026;B
20240205;100351;277.180000000;50;9523376030;B
20240205;100351;277.330000000;50;9523376031;B
20240205;100351;277.330000000;50;9523376032;B
20240205;100351;277.390000000;300;9523376033;B
20240205;100351;277.440000000;30;9523376034;B
20240205;100351;277.490000000;50;9523376035;B
20240205;100351;277.490000000;60;9523376036;B
20240205;100351;277.500000000;10;9523376037;B
20240205;100351;277.500000000;10;9523376038;B
20240205;100351;277.500000000;100;9523376039;B
20240205;100351;277.500000000;250;9523376040;B
20240205;100351;277.500000000;10;9523376041;B
20240205;100351;277.550000000;3260;9523376042;B
20240205;100351;277.560000000;14000;9523376043;B
20240205;100351;277.570000000;120;9523376044;B
20240205;100351;277.570000000;1060;9523376045;B
20240205;100351;277.580000000;8690;9523376046;B
20240205;100351;277.590000000;500;9523376050;B
20240205;100351;277.600000000;10;9523376051;B
20240205;100351;277.600000000;240;9523376052;B
20240205;100352;277.600000000;10;9523376062;B
20240205;100352;277.450000000;20;9523376075;S
20240205;100352;277.440000000;120;9523376097;S
20240205;100352;277.500000000;10;9523376142;B
20240205;100352;277.500000000;90;9523376143;B
20240205;100352;277.490000000;10;9523376151;S
20240205;100352;277.500000000;40;9523376166;B
20240205;100352;277.500000000;130;9523376167;B
20240205;100352;277.500000000;100;9523376168;B
20240205;100352;277.500000000;10;9523376169;B
20240205;100352;277.500000000;10;9523376170;B
20240205;100352;277.500000000;100;9523376171;B
20240205;100352;277.560000000;150;9523376172;B
20240205;100352;277.600000000;110;9523376173;B
20240205;100352;277.490000000;20;9523376174;S
20240205;100352;277.600000000;40;9523376180;B
20240205;100352;277.600000000;40;9523376182;B
20240205;100352;277.600000000;40;9523376183;B
20240205;100352;277.600000000;40;9523376185;B
20240205;100352;277.600000000;40;9523376195;B
20240205;100352;277.600000000;40;9523376199;B
20240205;100352;277.600000000;40;9523376200;B
20240205;100352;277.600000000;40;9523376201;B
20240205;100352;277.510000000;600;9523376255;B
20240205;100352;277.510000000;100;9523376257;B
20240205;100352;277.510000000;100;9523376266;B
20240205;100352;277.510000000;200;9523376273;B
20240205;100353;277.490000000;50;9523376276;S
20240205;100353;277.510000000;100;9523376279;B
20240205;100353;277.510000000;100;9523376326;B
20240205;100353;277.510000000;100;9523376339;B
20240205;100353;277.510000000;100;9523376341;B
20240205;100353;277.510000000;100;9523376346;B
20240205;100353;277.510000000;100;9523376356;B
20240205;100353;277.510000000;100;9523376362;B
20240205;100353;277.490000000;20;9523376381;S
20240205;100353;277.490000000;10;9523376432;S
20240205;100353;277.500000000;10;9523376454;B
20240205;100353;277.510000000;90;9523376455;B
20240205;100353;277.510000000;100;9523376473;B
20240205;100353;277.510000000;100;9523376474;B
20240205;100353;277.510000000;100;9523376487;B
20240205;100353;277.510000000;100;9523376497;B
20240205;100354;277.510000000;100;9523376526;B
20240205;100354;277.510000000;370;9523376892;S
20240205;100354;277.510000000;10;9523376963;B
20240205;100354;277.510000000;60;9523376964;B
20240205;100354;277.500000000;1750;9523376975;S
20240205;100355;277.500000000;180;9523377085;S
20240205;100355;277.500000000;250;9523377124;S
20240205;100355;277.500000000;100;9523377132;S
20240205;100355;277.510000000;250;9523377195;B
20240205;100355;277.600000000;320;9523377196;B
20240205;100355;277.600000000;10;9523377197;B
20240205;100355;277.600000000;60;9523377198;B
20240205;100355;277.600000000;30;9523377199;B
20240205;100355;277.640000000;10;9523377200;B
20240205;100355;277.670000000;10;9523377201;B
20240205;100355;277.690000000;10;9523377202;B
20240205;100355;277.690000000;370;9523377203;B
20240205;100355;277.690000000;20;9523377204;B
20240205;100355;277.680000000;10;9523377231;B
20240205;100356;277.560000000;50;9523377270;S
20240205;100356;277.550000000;10;9523377298;S
20240205;100356;277.550000000;20;9523377363;S
20240205;100357;277.670000000;10;9523377542;B
20240205;100357;277.690000000;390;9523377543;B
20240205;100359;277.670000000;150;9523377941;B
20240205;100359;277.680000000;90;9523377975;S
20240205;100359;277.620000000;10;9523377993;S
20240205;100359;277.690000000;50;9523378039;B
20240205;100359;277.690000000;350;9523378040;B
20240205;100359;277.690000000;10;9523378061;B
20240205;100400;277.620000000;10;9523378219;S
20240205;100400;277.620000000;10;9523378238;S
20240205;100400;277.620000000;100;9523378247;S
20240205;100400;277.680000000;10;9523378287;B
20240205;100401;277.620000000;10;9523378416;S
20240205;100401;277.670000000;20;9523378442;B
20240205;100401;277.630000000;100;9523378501;S
20240205;100401;277.620000000;10;9523378503;S
20240205;100402;277.640000000;20;9523378578;B
20240205;100402;277.680000000;50;9523378579;B
20240205;100402;277.680000000;350;9523378580;B
20240205;100402;277.690000000;80;9523378581;B
20240205;100402;277.690000000;10;9523378593;B
20240205;100402;277.620000000;10;9523378605;S
20240205;100403;277.620000000;10;9523378800;S
20240205;100403;277.620000000;80;9523378865;S
20240205;100403;277.620000000;920;9523378866;S
20240205;100403;277.670000000;4520;9523378894;B
20240205;100403;277.680000000;10;9523378895;B
20240205;100403;277.680000000;50;9523378896;B
20240205;100403;277.690000000;420;9523378897;B
20240205;100404;277.700000000;300;9523378967;B
20240205;100404;277.700000000;1000;9523378968;B
20240205;100404;277.720000000;50;9523378969;B
20240205;100404;277.730000000;2300;9523378970;B
20240205;100404;277.730000000;20;9523379089;B
20240205;100404;277.730000000;50;9523379092;B
20240205;100404;277.620000000;80;9523379123;S
20240205;100404;277.550000000;300;9523379124;S
20240205;100404;277.550000000;100;9523379125;S
20240205;100404;277.550000000;220;9523379126;S
20240205;100405;277.550000000;10;9523379272;S
20240205;100405;277.730000000;10;9523379304;B
20240205;100405;277.560000000;30;9523379320;S
20240205;100406;277.540000000;1840;9523379472;S
20240205;100406;277.540000000;3000;9523379473;S
20240205;100406;277.530000000;50;9523379474;S
20240205;100406;277.500000000;20;9523379475;S
20240205;100406;277.500000000;40;9523379476;S
20240205;100406;277.490000000;190;9523379477;S
20240205;100406;277.490000000;150;9523379478;S
20240205;100406;277.470000000;3260;9523379479;S
20240205;100406;277.460000000;10000;9523379480;S
20240205;100406;277.420000000;20;9523379481;S
20240205;100406;277.410000000;2000;9523379482;S
20240205;100406;277.360000000;370;9523379483;S
20240205;100406;277.350000000;3000;9523379484;S
20240205;100406;277.330000000;10;9523379485;S
20240205;100406;277.300000000;1000;9523379486;S
20240205;100406;277.300000000;6000;9523379487;S
20240205;100406;277.200000000;17000;9523379488;S
20240205;100406;277.170000000;3000;9523379489;S
20240205;100406;277.170000000;200;9523379490;S
20240205;100406;277.160000000;1000;9523379491;S
20240205;100406;277.150000000;200;9523379492;S
20240205;100406;277.140000000;370;9523379493;S
20240205;100406;277.130000000;900;9523379494;S
20240205;100406;277.460000000;100;9523379503;B
20240205;100406;277.490000000;500;9523379527;B
20240205;100406;277.180000000;20;9523379535;S
20240205;100407;277.390000000;10;9523379657;S
20240205;100407;277.490000000;250;9523379663;B
20240205;100407;277.510000000;20;9523379718;B
20240205;100407;277.490000000;1300;9523379736;B
20240205;100408;277.500000000;50;9523379894;B
20240205;100408;277.550000000;20;9523379895;B
20240205;100408;277.550000000;10;9523379916;B
20240205;100409;277.480000000;10;9523380129;B
20240205;100409;277.490000000;120;9523380130;B
20240205;100409;277.540000000;200;9523380131;B
20240205;100409;277.550000000;670;9523380132;B
20240205;100410;277.550000000;20;9523380225;B
20240205;100411;277.550000000;20;9523380577;B
20240205;100411;277.550000000;10;9523380578;B
20240205;100411;277.550000000;10;9523380586;B
20240205;100412;277.500000000;900;9523380837;S
20240205;100413;277.510000000;300;9523380874;S
20240205;100413;277.510000000;70;9523380875;S
20240205;100413;277.510000000;30;9523380876;S
20240205;100413;277.510000000;340;9523380877;S
20240205;100413;277.500000000;160;9523380878;S
20240205;100413;277.500000000;300;9523380879;S
20240205;100413;277.500000000;300;9523380880;S
20240205;100413;277.500000000;300;9523380881;S
20240205;100413;277.500000000;300;9523380882;S
20240205;100413;277.500000000;300;9523380883;S
20240205;100413;277.500000000;800;9523380930;S
20240205;100413;277.560000000;700;9523381042;B
20240205;100414;277.500000000;800;9523381179;S
20240205;100415;277.560000000;10;9523381230;B
20240205;100415;277.560000000;290;9523381237;B
20240205;100415;277.640000000;480;9523381238;B
20240205;100415;277.640000000;370;9523381239;B
20240205;100415;277.650000000;360;9523381240;B
20240205;100415;277.530000000;20;9523381320;S
20240205;100415;277.650000000;20;9523381365;B
20240205;100415;277.530000000;10;9523381448;S
20240205;100415;277.650000000;50;9523381455;B
20240205;100416;277.510000000;10;9523381664;S
20240205;100417;277.630000000;50;9523381702;B
20240205;100417;277.640000000;10;9523381703;B
20240205;100417;277.650000000;940;9523381704;B
20240205;100417;277.650000000;10;9523381787;B
20240205;100417;277.560000000;300;9523381877;S
20240205;100418;277.650000000;810;9523381993;B
20240205;100418;277.650000000;10;9523381994;B
20240205;100418;277.650000000;10;9523382003;B
20240205;100418;277.650000000;200;9523382052;B
20240205;100419;277.650000000;250;9523382108;B
20240205;100420;277.620000000;250;9523382349;S
20240205;100420;277.620000000;130;9523382353;S
20240205;100421;277.650000000;10;9523382433;B
20240205;100421;277.680000000;50;9523382434;B
20240205;100421;277.690000000;10;9523382435;B
20240205;100421;277.690000000;20;9523382436;B
20240205;100421;277.690000000;370;9523382437;B
20240205;100421;277.700000000;140;9523382438;B
20240205;100423;277.680000000;10;9523382739;B
20240205;100423;277.620000000;20;9523382833;S
20240205;100423;277.690000000;10;9523382856;B
20240205;100424;277.680000000;250;9523383016;B
20240205;100425;277.620000000;50;9523383119;S
20240205;100425;277.620000000;200;9523383125;S
20240205;100426;277.680000000;250;9523383403;B
20240205;100426;277.620000000;80;9523383509;S
20240205;100426;277.620000000;290;9523383548;S
20240205;100426;277.610000000;810;9523383549;S
20240205;100427;277.620000000;20;9523383725;S
20240205;100428;277.660000000;10;9523383904;B
20240205;100428;277.690000000;70;9523383905;B
20240205;100428;277.690000000;170;9523383906;S
20240205;100429;277.620000000;40;9523384108;S
20240205;100430;277.620000000;10;9523384196;S
20240205;100430;277.650000000;100;9523384264;B
20240205;100430;277.690000000;10;9523384265;B
20240205;100430;277.690000000;370;9523384266;B
20240205;100430;277.700000000;1860;9523384267;B
20240205;100430;277.700000000;100;9523384268;B
20240205;100430;277.700000000;4000;9523384269;B
20240205;100430;277.700000000;150;9523384270;B
20240205;100430;277.700000000;450;9523384271;B
20240205;100430;277.720000000;10;9523384272;B
20240205;100430;277.720000000;20;9523384273;B
20240205;100430;277.720000000;250;9523384274;B
20240205;100430;277.720000000;200;9523384275;B
20240205;100430;277.730000000;620;9523384276;B
20240205;100430;277.730000000;10;9523384277;B
20240205;100430;277.750000000;10;9523384278;B
20240205;100430;277.750000000;100;9523384279;B
20240205;100430;277.750000000;740;9523384280;B
20240205;100432;277.620000000;10;9523384501;S
20240205;100432;277.650000000;10;9523384619;B
20240205;100432;277.690000000;30;9523384620;B
20240205;100433;277.680000000;40;9523384746;S
20240205;100433;277.620000000;40;9523384747;S
20240205;100433;277.610000000;620;9523384748;S
20240205;100434;277.610000000;100;9523384831;S
20240205;100434;277.680000000;10;9523384863;B
20240205;100434;277.690000000;70;9523384864;B
20240205;100434;277.620000000;30;9523384936;S
20240205;100436;277.690000000;100;9523385320;B
20240205;100436;277.690000000;700;9523385321;B
20240205;100436;277.630000000;200;9523385331;S
20240205;100436;277.630000000;100;9523385360;S
20240205;100436;277.630000000;200;9523385362;S
20240205;100436;277.620000000;20;9523385363;S
20240205;100436;277.610000000;20;9523385383;S
20240205;100436;277.620000000;10;9523385400;B
20240205;100437;277.620000000;70;9523385545;B
20240205;100437;277.620000000;300;9523385546;B
20240205;100439;277.610000000;400;9523385838;S
20240205;100439;277.610000000;1000;9523385839;S
20240205;100439;277.640000000;20;9523385891;B
20240205;100439;277.650000000;50;9523385892;B
20240205;100440;277.650000000;250;9523386009;B
20240205;100440;277.650000000;700;9523386010;B
20240205;100440;277.670000000;30;9523386011;B
20240205;100440;277.670000000;100;9523386012;B
20240205;100440;277.670000000;2000;9523386013;B
20240205;100440;277.680000000;3000;9523386014;B
20240205;100440;277.680000000;40;9523386015;B
20240205;100440;277.680000000;2000;9523386016;B
20240205;100440;277.680000000;20;9523386017;B
20240205;100440;277.690000000;110;9523386018;B
20240205;100441;277.620000000;10;9523386121;B
20240205;100441;277.670000000;20;9523386122;B
20240205;100441;277.670000000;300;9523386253;B
20240205;100443;277.650000000;20;9523386467;S
20240205;100443;277.610000000;480;9523386468;S
20240205;100443;277.670000000;70;9523386556;B
20240205;100443;277.670000000;110;9523386589;B
20240205;100443;277.610000000;500;9523386605;S
20240205;100443;277.610000000;300;9523386606;S
20240205;100443;277.610000000;770;9523386607;S
20240205;100443;277.600000000;100;9523386608;S
20240205;100443;277.600000000;70;9523386609;S
20240205;100443;277.600000000;10;9523386610;S
20240205;100443;277.580000000;50;9523386611;S
20240205;100444;277.650000000;20;9523386977;B
20240205;100444;277.650000000;250;9523386991;B
20240205;100445;277.670000000;50;9523387014;B
20240205;100446;277.660000000;20;9523387251;B
20240205;100446;277.650000000;30;9523387469;B
20240205;100446;277.650000000;50;9523387470;B
20240205;100447;277.660000000;30;9523387480;B
20240205;100447;277.660000000;940;9523387481;B
20240205;100447;277.670000000;2000;9523387482;B
20240205;100447;277.670000000;1030;9523387483;S
20240205;100447;277.610000000;500;9523387490;S
20240205;100447;277.580000000;400;9523387491;S
20240205;100447;277.550000000;600;9523387492;S
20240205;100447;277.550000000;1000;9523387493;S
20240205;100447;277.550000000;400;9523387494;S
20240205;100447;277.540000000;40;9523387496;S
20240205;100447;277.520000000;20;9523387497;S
20240205;100447;277.500000000;1100;9523387500;S
20240205;100447;277.500000000;300;9523387501;S
20240205;100447;277.500000000;500;9523387503;S
20240205;100447;277.500000000;500;9523387504;S
20240205;100447;277.500000000;500;9523387505;S
20240205;100447;277.500000000;300;9523387548;S
20240205;100447;277.520000000;280;9523387588;B
20240205;100447;277.520000000;1500;9523387589;B
20240205;100447;277.520000000;500;9523387590;B
20240205;100447;277.540000000;220;9523387591;B
20240205;100447;277.540000000;20;9523387676;B
20240205;100447;277.500000000;70;9523387813;S
20240205;100447;277.500000000;190;9523387864;S
20240205;100447;277.540000000;10;9523388076;B
20240205;100448;277.500000000;10;9523388109;S
20240205;100448;277.500000000;500;9523388110;S
20240205;100448;277.530000000;50;9523388417;B
20240205;100448;277.550000000;2500;9523388418;B
20240205;100449;277.600000000;150;9523388437;S
20240205;100449;277.640000000;100;9523388510;B
20240205;100450;277.600000000;30;9523388706;S
20240205;100450;277.650000000;10;9523388779;B
20240205;100451;277.600000000;90;9523388851;S
20240205;100451;277.600000000;30;9523388902;S
20240205;100451;277.650000000;40;9523388941;B
20240205;100451;277.650000000;100;9523388963;B
20240205;100451;277.600000000;10;9523388967;S
20240205;100452;277.610000000;10;9523389152;B
20240205;100452;277.650000000;100;9523389153;B
20240205;100452;277.660000000;1000;9523389154;B
20240205;100452;277.660000000;10;9523389155;B
20240205;100452;277.680000000;280;9523389156;B
20240205;100453;277.670000000;80;9523389310;B
20240205;100455;277.610000000;10;9523389608;S
20240205;100455;277.600000000;2140;9523389609;S
20240205;100455;277.600000000;700;9523389610;S
20240205;100455;277.550000000;300;9523389611;S
20240205;100455;277.550000000;300;9523389612;S
20240205;100455;277.520000000;500;9523389613;S
20240205;100455;277.510000000;50;9523389614;S
20240205;100455;277.510000000;1220;9523389615;S
20240205;100455;277.510000000;2500;9523389616;S
20240205;100455;277.510000000;370;9523389617;S
20240205;100455;277.500000000;4410;9523389618;S
20240205;100455;277.650000000;10;9523389745;B
20240205;100456;277.650000000;8000;9523390075;B
20240205;100456;277.640000000;20;9523390149;B
20240205;100457;277.600000000;190;9523390309;S
20240205;100459;277.610000000;10;9523390695;B
20240205;100500;277.600000000;30;9523390886;S
20240205;100500;277.610000000;70;9523390919;B
20240205;100500;277.640000000;30;9523390920;B
20240205;100500;277.650000000;900;9523390921;B
20240205;100501;277.650000000;70;9523391100;B
20240205;100501;277.650000000;10;9523391122;B
20240205;100501;277.650000000;230;9523391182;B
20240205;100501;277.650000000;10;9523391230;B
20240205;100502;277.610000000;1090;9523391361;S
20240205;100502;277.600000000;260;9523391362;S
20240205;100502;277.600000000;70;9523391363;S
