<DATE>;<TIME>;<LAST>;<VOL>;<ID>;<OPER>
20240503;095943;307.11;10;10261511719;S
20240503;095943;307.11;20;10261511720;S
20240503;095943;307.11;10;10261511721;S
20240503;095943;307.11;20;10261511722;S
20240503;095943;307.11;10;10261511723;S
20240503;095943;307.11;30;10261511724;S
20240503;095943;307.11;30;10261511725;S
20240503;095943;307.11;10;10261511726;B
20240503;095943;307.11;10;10261511727;B
20240503;095943;307.11;70;10261511728;B
20240503;095943;307.11;300;10261511729;B
20240503;095943;307.11;10;10261511730;B
20240503;095943;307.11;20;10261511731;B
20240503;095943;307.11;1030;10261511732;B
20240503;095943;307.11;50;10261511733;B
20240503;095943;307.11;30;10261511734;B
20240503;095943;307.11;10;10261511735;B
20240503;095943;307.11;10;10261511736;B
20240503;095943;307.11;10;10261511737;B
20240503;095943;307.11;20;10261511738;B
20240503;095943;307.11;10;10261511739;B
20240503;095943;307.11;10;10261511740;B
20240503;095943;307.11;100;10261511741;B
20240503;095943;307.11;110;10261511742;B
20240503;095943;307.11;500;10261511743;B
20240503;095943;307.11;490;10261511744;B
20240503;095943;307.11;10;10261511745;B
20240503;095943;307.11;20;10261511746;B
20240503;095943;307.11;30;10261511747;S
20240503;095943;307.11;10;10261511748;B
20240503;095943;307.11;10;10261511749;B
20240503;095943;307.11;10;10261511750;B
20240503;095943;307.11;10;10261511751;B
20240503;095943;307.11;70;10261511752;B
20240503;095943;307.11;310;10261511753;B
20240503;095943;307.11;10;10261511754;S
20240503;095943;307.11;10;10261511755;S
20240503;095943;307.11;20;10261511756;B
20240503;095943;307.11;10;10261511757;S
20240503;095943;307.11;10;10261511758;S
20240503;095943;307.11;10;10261511759;S
20240503;095943;307.11;10;10261511760;S
20240503;095943;307.11;10;10261511761;S
20240503;095943;307.11;10;10261511762;S
20240503;095943;307.11;10;10261511763;S
20240503;095943;307.11;10;10261511764;S
20240503;095943;307.11;10;10261511765;S
20240503;095943;307.11;100;10261511766;B
20240503;095943;307.11;20;10261511767;B
20240503;095943;307.11;1000;10261511768;B
20240503;095943;307.11;820;10261511769;S
20240503;095943;307.11;1420;10261511770;B
20240503;095943;307.11;10;10261511771;S
20240503;095943;307.11;10;10261511772;S
20240503;095943;307.11;10;10261511773;S
20240503;095943;307.11;90;10261511774;S
20240503;095943;307.11;10;10261511775;S
20240503;095943;307.11;10;10261511776;S
20240503;095943;307.11;10;10261511777;S
20240503;095943;307.11;40;10261511778;S
20240503;095943;307.11;10;10261511779;S
20240503;095943;307.11;10;10261511780;S
20240503;095943;307.11;10;10261511781;S
20240503;095943;307.11;10;10261511782;S
20240503;095943;307.11;10;10261511783;S
20240503;095943;307.11;50;10261511784;S
20240503;095943;307.11;50;10261511785;S
20240503;095943;307.11;20;10261511786;S
20240503;095943;307.11;10;10261511787;S
20240503;095943;307.11;10;10261511788;S
20240503;095943;307.11;1650;10261511789;S
20240503;095943;307.11;100;10261511790;S
20240503;095943;307.11;10;10261511791;S
20240503;095943;307.11;30;10261511792;S
20240503;095943;307.11;10;10261511793;S
20240503;095943;307.11;10;10261511794;S
20240503;095943;307.11;10;10261511795;S
20240503;095943;307.11;30;10261511796;B
20240503;095943;307.11;10;10261511797;B
20240503;095943;307.11;40;10261511798;B
20240503;095943;307.11;130;10261511799;B
20240503;095943;307.11;10;10261511800;B
20240503;095943;307.11;100;10261511801;B
20240503;095943;307.11;10;10261511802;B
20240503;095943;307.11;50;10261511803;B
20240503;095943;307.11;20;10261511804;B
20240503;095943;307.11;60;10261511805;B
20240503;095943;307.11;20;10261511806;B
20240503;095943;307.11;10;10261511807;B
20240503;095943;307.11;30;10261511808;B
20240503;095943;307.11;30;10261511809;B
20240503;095943;307.11;10;10261511810;B
20240503;095943;307.11;10;10261511811;S
20240503;095943;307.11;30;10261511812;B
20240503;095943;307.11;10;10261511813;S
20240503;095943;307.11;20;10261511814;B
20240503;095943;307.11;220;10261511815;S
20240503;095943;307.11;220;10261511816;S
20240503;095943;307.11;10;10261511817;S
20240503;095943;307.11;10;10261511818;S
20240503;095943;307.11;60;10261511819;S
20240503;095943;307.11;180;10261511820;B
20240503;095943;307.11;50;10261511821;B
20240503;095943;307.11;1620;10261511822;S
20240503;095943;307.11;20;10261511823;S
20240503;095943;307.11;30;10261511824;S
20240503;095943;307.11;40;10261511825;S
20240503;095943;307.11;120;10261511826;S
20240503;095943;307.11;70;10261511827;S
20240503;095943;307.11;40;10261511828;S
20240503;095943;307.11;70;10261511829;S
20240503;095943;307.11;30;10261511830;S
20240503;095943;307.11;10;10261511831;S
20240503;095943;307.11;10;10261511832;S
20240503;095943;307.11;50;10261511833;S
20240503;095943;307.11;10;10261511834;S
20240503;095943;307.11;10;10261511835;S
20240503;095943;307.11;500;10261511836;S
20240503;095943;307.11;30;10261511837;S
20240503;095943;307.11;10;10261511838;S
20240503;095943;307.11;20;10261511839;S
20240503;095943;307.11;10;10261511840;B
20240503;095943;307.11;190;10261511841;B
20240503;095943;307.11;130;10261511842;S
20240503;095943;307.11;370;10261511843;S
20240503;095943;307.11;500;10261511844;S
20240503;095943;307.11;1000;10261511845;S
20240503;095943;307.11;20;10261511846;B
20240503;095943;307.11;60;10261511847;S
20240503;095943;307.11;50;10261511848;S
20240503;095943;307.11;10;10261511849;S
20240503;095943;307.11;40;10261511850;S
20240503;095943;307.11;10;10261511851;S
20240503;095943;307.11;30;10261511852;S
20240503;095943;307.11;10;10261511853;S
20240503;095943;307.11;60;10261511854;S
20240503;095943;307.11;200;10261511855;S
20240503;095943;307.11;10;10261511856;S
20240503;095943;307.11;20;10261511857;S
20240503;095943;307.11;400;10261511858;S
20240503;095943;307.11;10;10261511859;S
20240503;095943;307.11;10;10261511860;S
20240503;095943;307.11;100;10261511861;S
20240503;095943;307.11;10;10261511862;S
20240503;095943;307.11;1000;10261511863;S
20240503;095943;307.11;20;10261511864;S
20240503;095943;307.11;500;10261511865;S
20240503;095943;307.11;130;10261511866;S
20240503;095943;307.11;10;10261511867;S
20240503;095943;307.11;150;10261511868;S
20240503;095943;307.11;30;10261511869;S
20240503;095943;307.11;10;10261511870;S
20240503;095943;307.11;10;10261511871;S
20240503;095943;307.11;10;10261511872;S
20240503;095943;307.11;100;10261511873;S
20240503;095943;307.11;10;10261511874;S
20240503;095943;307.11;10;10261511875;S
20240503;095943;307.11;340;10261511876;S
20240503;095943;307.11;300;10261511877;S
20240503;095943;307.11;7000;10261511878;B
20240503;095943;307.11;30;10261511879;B
20240503;095943;307.11;10;10261511880;S
20240503;095943;307.11;10;10261511881;B
20240503;095943;307.11;10;10261511882;B
20240503;095943;307.11;10;10261511883;B
20240503;095943;307.11;10;10261511884;S
20240503;095943;307.11;10;10261511885;S
20240503;095943;307.11;10;10261511886;S
20240503;095943;307.11;20;10261511887;S
20240503;095943;307.11;30;10261511888;S
20240503;100000;307.16;2000;10261515983;S
20240503;100000;307.16;400;10261515984;S
20240503;100000;307.16;870;10261515985;S
20240503;100000;307.16;460;10261515986;S
20240503;100000;307.15;460;10261515987;S
20240503;100000;307.15;100;10261515988;S
20240503;100000;307.14;460;10261515989;S
20240503;100000;307.14;250;10261515990;S
20240503;100000;307.2;10;10261517237;B
20240503;100000;307.2;80;10261517238;B
20240503;100001;307.2;20;10261517305;B
20240503;100001;307.2;160;10261517539;B
20240503;100001;307.2;80;10261517549;B
20240503;100001;307.15;100;10261517551;S
20240503;100001;307.2;320;10261517567;B
20240503;100001;307.2;920;10261517574;B
20240503;100001;307.2;70;10261517583;B
20240503;100001;307.2;10;10261517628;B
20240503;100001;307.2;40;10261517812;B
20240503;100001;307.2;30;10261517922;B
20240503;100001;307.2;30;10261518079;B
20240503;100001;307.19;400;10261518135;S
20240503;100001;307.19;460;10261518136;S
20240503;100001;307.19;10;10261518137;S
20240503;100001;307.19;70;10261518138;S
20240503;100002;307.2;10;10261518615;B
20240503;100002;307.2;10;10261518616;B
20240503;100002;307.2;10;10261518635;B
20240503;100002;307.13;10;10261518815;S
20240503;100003;307.13;30;10261519564;S
20240503;100003;307.13;100;10261519659;S
20240503;100003;307.2;10;10261519919;B
20240503;100004;307.25;510;10261520035;S
20240503;100004;307.25;980;10261520036;S
20240503;100004;307.25;880;10261520037;S
20240503;100004;307.25;400;10261520038;S
20240503;100004;307.24;460;10261520039;S
20240503;100004;307.23;460;10261520040;S
20240503;100004;307.22;310;10261520041;S
20240503;100004;307.16;400;10261520314;S
20240503;100004;307.16;460;10261520315;S
20240503;100004;307.15;1470;10261520316;S
20240503;100004;307.15;460;10261520317;S
20240503;100004;307.15;1140;10261520318;S
20240503;100004;307.14;460;10261520319;S
20240503;100004;307.14;610;10261520320;S
20240503;100005;307.23;10;10261520774;B
20240503;100005;307.15;460;10261520785;S
20240503;100005;307.15;870;10261520786;S
20240503;100005;307.15;400;10261520787;S
20240503;100005;307.14;490;10261520788;S
20240503;100005;307.14;460;10261520789;S
20240503;100005;307.13;460;10261520790;S
20240503;100005;307.12;460;10261520791;S
20240503;100005;307.11;12210;10261520792;S
20240503;100005;307.11;120;10261520793;S
20240503;100005;307.23;10;10261520797;B
20240503;100005;307.21;10;10261520800;B
20240503;100005;307.11;100;10261521053;S
20240503;100005;307.11;240;10261521277;S
20240503;100005;307.11;60;10261521278;S
20240503;100005;307.12;10;10261521286;S
20240503;100005;307.2;20;10261521358;B
20240503;100005;307.12;150;10261521431;S
20240503;100005;307.2;380;10261521441;B
20240503;100005;307.21;510;10261521442;B
20240503;100005;307.22;110;10261521443;B
20240503;100005;307.12;10;10261521477;S
20240503;100005;307.12;40;10261521485;S
20240503;100005;307.12;250;10261521491;S
20240503;100005;307.12;70;10261521492;S
20240503;100005;307.2;10;10261521494;B
20240503;100006;307.17;10;10261521729;B
20240503;100006;307.12;460;10261521973;S
20240503;100006;307.12;10;10261521974;S
20240503;100006;307.17;20;10261522078;B
20240503;100006;307.18;10;10261522333;B
20240503;100006;307.18;30;10261522358;B
20240503;100006;307.18;10;10261522359;B
20240503;100006;307.18;10;10261522961;B
20240503;100006;307.18;50;10261522962;B
20240503;100006;307.18;10;10261522967;B
20240503;100006;307.11;310;10261522970;S
20240503;100006;307.17;30;10261522980;B
20240503;100006;307.11;130;10261522989;S
20240503;100007;307.18;10;10261523185;B
20240503;100007;307.18;20;10261523405;B
20240503;100007;307.11;10;10261523409;S
20240503;100007;307.18;10;10261523414;B
20240503;100007;307.11;100;10261523973;S
20240503;100007;307.11;10;10261524122;S
20240503;100007;307.14;10;10261524134;B
20240503;100007;307.17;10;10261524500;B
20240503;100007;307.12;10;10261524510;S
20240503;100007;307.17;100;10261524513;B
20240503;100007;307.18;10;10261524716;B
20240503;100007;307.18;10;10261524721;B
20240503;100007;307.18;10;10261524884;B
20240503;100007;307.12;10;10261524890;S
20240503;100007;307.18;30;10261524902;B
20240503;100007;307.12;20;10261524910;S
20240503;100007;307.18;10;10261524914;B
20240503;100007;307.18;130;10261524918;B
20240503;100007;307.18;10;10261525210;B
20240503;100007;307.18;100;10261525213;B
20240503;100007;307.18;10;10261525216;B
20240503;100007;307.18;10;10261525245;B
20240503;100007;307.18;70;10261525597;B
20240503;100008;307.18;90;10261526121;B
20240503;100008;307.18;30;10261526123;B
20240503;100008;307.19;100;10261526159;B
20240503;100008;307.12;100;10261526175;S
20240503;100008;307.12;10;10261526222;S
20240503;100008;307.14;100;10261526735;S
20240503;100008;307.18;10;10261526774;B
20240503;100008;307.14;10;10261526778;S
20240503;100008;307.18;10;10261526780;B
20240503;100008;307.18;10;10261526784;B
20240503;100008;307.18;30;10261526816;B
20240503;100008;307.14;760;10261526857;S
20240503;100008;307.14;490;10261526858;S
20240503;100008;307.13;10;10261526859;S
20240503;100008;307.12;400;10261526860;S
20240503;100008;307.11;210;10261526861;S
20240503;100008;307.11;2000;10261526862;S
20240503;100008;307.11;10;10261526863;S
20240503;100008;307.1;10;10261526864;S
20240503;100008;307.1;1000;10261526865;S
20240503;100008;307.1;10;10261526866;S
20240503;100008;307.1;10;10261526867;S
20240503;100008;307.1;90;10261526868;S
20240503;100009;307.12;10;10261527213;S
20240503;100009;307.13;10;10261527417;S
20240503;100009;307.12;90;10261527418;S
20240503;100009;307.15;10;10261527472;B
20240503;100009;307.12;100;10261527584;S
20240503;100010;307.1;80;10261527625;S
20240503;100010;307.15;20;10261527628;B
20240503;100010;307.15;70;10261527720;B
20240503;100010;307.16;20;10261527721;B
20240503;100010;307.16;20;10261527722;B
20240503;100010;307.11;10;10261527799;S
20240503;100010;307.16;20;10261527804;B
20240503;100010;307.11;10;10261527835;S
20240503;100010;307.11;20;10261527864;S
20240503;100010;307.16;40;10261528059;B
20240503;100010;307.16;350;10261528069;B
20240503;100010;307.16;10;10261528125;B
20240503;100010;307.17;30;10261528126;B
20240503;100010;307.16;30;10261528162;B
20240503;100011;307.16;10;10261528222;B
20240503;100011;307.14;10;10261528249;S
20240503;100011;307.13;10;10261528250;S
20240503;100011;307.12;10;10261528251;S
20240503;100011;307.1;30;10261528252;S
20240503;100011;307.1;30;10261528253;S
20240503;100011;307.1;10;10261528254;S
20240503;100011;307.16;20;10261528262;B
20240503;100011;307.16;320;10261528270;B
20240503;100011;307.16;10;10261528310;B
20240503;100011;307.16;70;10261528335;B
20240503;100011;307.16;50;10261528376;B
20240503;100011;307.12;10;10261528522;S
20240503;100011;307.11;10;10261528523;S
20240503;100011;307.1;500;10261528524;S
20240503;100011;307.1;10;10261528526;S
20240503;100011;307.15;150;10261528607;B
20240503;100011;307.15;50;10261528717;B
20240503;100011;307.16;60;10261528835;B
20240503;100012;307.13;10;10261528952;S
20240503;100012;307.12;10;10261528953;S
20240503;100012;307.1;80;10261528954;S
20240503;100012;307.14;10;10261529001;S
20240503;100012;307.1;90;10261529002;S
20240503;100012;307.1;10;10261529043;S
20240503;100012;307.1;90;10261529044;S
20240503;100012;307.11;10;10261529093;S
20240503;100012;307.1;90;10261529094;S
20240503;100012;307.1;100;10261529128;S
20240503;100013;307.11;100;10261529208;S
20240503;100013;307.16;10;10261529264;B
20240503;100013;307.12;10;10261529349;S
20240503;100013;307.11;90;10261529350;S
20240503;100013;307.11;100;10261529400;S
20240503;100014;307.16;10;10261529466;B
20240503;100014;307.13;10;10261529498;S
20240503;100014;307.12;10;10261529499;S
20240503;100014;307.11;10;10261529500;S
20240503;100014;307.1;70;10261529501;S
20240503;100014;307.16;20;10261529540;B
20240503;100014;307.14;10;10261529565;S
20240503;100014;307.13;10;10261529566;S
20240503;100014;307.12;20;10261529567;S
20240503;100014;307.1;60;10261529568;S
20240503;100015;307.15;50;10261529656;B
20240503;100015;307.15;50;10261529705;B
20240503;100015;307.11;10;10261529707;S
20240503;100015;307.1;90;10261529708;S
20240503;100015;307.11;10;10261529716;S
20240503;100015;307.1;90;10261529717;S
20240503;100015;307.15;50;10261529770;B
20240503;100015;307.12;10;10261529795;B
20240503;100015;307.11;10;10261529817;S
20240503;100015;307.1;90;10261529818;S
20240503;100016;307.1;20;10261529853;S
20240503;100016;307.1;30;10261529854;S
20240503;100016;307.1;10;10261529855;S
20240503;100016;307.1;40;10261529856;S
20240503;100016;307.14;10;10261529926;B
20240503;100016;307.1;30;10261529966;S
20240503;100016;307.1;10;10261529967;S
20240503;100016;307.1;60;10261529968;S
20240503;100016;307.1;10;10261530002;S
20240503;100016;307.1;10;10261530003;S
20240503;100016;307.1;10;10261530004;S
20240503;100016;307.1;60;10261530005;S
20240503;100016;307.1;200;10261530006;S
20240503;100016;307.1;1000;10261530007;S
20240503;100016;307.1;30;10261530008;S
20240503;100016;307.1;30;10261530009;S
20240503;100016;307.1;10;10261530010;S
20240503;100016;307.1;100;10261530011;S
20240503;100016;307.1;870;10261530012;S
20240503;100016;307.08;500;10261530013;S
20240503;100016;307.08;460;10261530014;S
20240503;100016;307.08;400;10261530015;S
20240503;100016;307.08;50;10261530016;S
20240503;100016;307.07;100;10261530017;S
20240503;100016;307.07;20;10261530018;S
20240503;100016;307.07;100;10261530019;S
20240503;100016;307.07;100;10261530020;S
20240503;100016;307.07;30;10261530021;S
20240503;100016;307.07;100;10261530084;S
20240503;100017;307.06;60;10261530095;S
20240503;100017;307.06;170;10261530096;S
20240503;100017;307.06;100;10261530170;S
20240503;100017;307.06;100;10261530194;S
20240503;100017;307.06;90;10261530217;S
20240503;100017;307.12;200;10261530226;B
20240503;100017;307.12;100;10261530268;B
20240503;100017;307.06;100;10261530274;S
20240503;100017;307.06;100;10261530305;S
20240503;100017;307.06;100;10261530323;S
20240503;100018;307.06;100;10261530347;S
20240503;100018;307.12;20;10261530350;B
20240503;100018;307.06;100;10261530420;S
20240503;100018;307.06;100;10261530452;S
20240503;100018;307.06;100;10261530516;S
20240503;100018;307.09;10;10261530525;B
20240503;100018;307.06;100;10261530614;S
20240503;100018;307.06;60;10261530640;S
20240503;100018;307.06;40;10261530641;S
20240503;100018;307.06;100;10261530675;S
20240503;100019;307.06;100;10261530690;S
20240503;100019;307.06;100;10261530713;S
20240503;100019;307.09;90;10261530779;B
20240503;100019;307.1;10;10261530780;B
20240503;100019;307.06;100;10261530781;S
20240503;100019;307.06;20;10261530783;S
20240503;100019;307.1;90;10261530813;B
20240503;100019;307.11;10;10261530815;S
20240503;100019;307.05;90;10261530816;S
20240503;100019;307.05;100;10261530885;S
20240503;100019;307.05;100;10261530897;S
20240503;100019;307.05;100;10261530914;S
20240503;100019;307.05;10;10261530929;S
20240503;100019;307.05;100;10261530932;S
20240503;100019;307.05;100;10261530963;S
20240503;100020;307.05;100;10261530990;S
20240503;100020;307.06;10;10261531032;B
20240503;100020;307.05;100;10261531069;S
20240503;100020;307.05;100;10261531170;S
20240503;100020;307.05;100;10261531206;S
20240503;100020;307.05;100;10261531242;S
20240503;100021;307.06;10;10261531288;B
20240503;100021;307.11;40;10261531289;B
20240503;100021;307.05;100;10261531332;S
20240503;100021;307.05;120;10261531356;S
20240503;100021;307.05;100;10261531372;S
20240503;100021;307.05;100;10261531449;S
20240503;100021;307.05;100;10261531472;S
20240503;100021;307.09;10;10261531476;B
20240503;100022;307.05;100;10261531492;S
20240503;100022;307.09;90;10261531527;B
20240503;100022;307.1;10;10261531528;B
20240503;100022;307.05;100;10261531537;S
20240503;100022;307.05;100;10261531610;S
20240503;100022;307.05;10;10261531725;S
20240503;100022;307.12;400;10261531752;B
20240503;100022;307.13;350;10261531753;B
20240503;100022;307.13;510;10261531754;B
20240503;100022;307.13;330;10261531755;B
20240503;100022;307.14;460;10261531756;B
20240503;100022;307.14;2000;10261531757;B
20240503;100022;307.14;870;10261531758;B
20240503;100022;307.15;460;10261531759;B
20240503;100022;307.16;460;10261531760;B
20240503;100022;307.17;330;10261531762;B
20240503;100022;307.19;100;10261531771;S
20240503;100022;307.19;100;10261531777;S
20240503;100022;307.24;30;10261531795;B
20240503;100023;307.19;100;10261531808;S
20240503;100023;307.19;100;10261531892;S
20240503;100023;307.24;20;10261532014;B
20240503;100023;307.2;50;10261532068;S
20240503;100023;307.19;50;10261532069;S
20240503;100023;307.19;100;10261532085;S
20240503;100024;307.2;50;10261532161;S
20240503;100024;307.18;50;10261532162;S
20240503;100024;307.19;100;10261532178;S
20240503;100024;307.18;100;10261532202;S
20240503;100024;307.18;50;10261532218;S
20240503;100024;307.16;50;10261532219;S
20240503;100024;307.17;100;10261532254;S
20240503;100024;307.16;100;10261532271;S
20240503;100024;307.16;100;10261532287;S
20240503;100024;307.16;100;10261532319;S
20240503;100024;307.16;100;10261532335;S
20240503;100024;307.16;100;10261532348;S
20240503;100024;307.16;100;10261532354;S
20240503;100025;307.21;10;10261532428;B
20240503;100025;307.21;200;10261532442;B
20240503;100025;307.17;40;10261532515;S
20240503;100025;307.16;60;10261532516;S
20240503;100025;307.16;5000;10261532534;S
20240503;100025;307.16;20;10261532543;S
20240503;100026;307.16;100;10261532662;S
20240503;100026;307.16;100;10261532697;S
20240503;100026;307.16;100;10261532723;S
20240503;100026;307.16;100;10261532908;S
20240503;100026;307.2;100;10261532922;B
20240503;100026;307.16;100;10261532924;S
20240503;100026;307.21;10;10261532943;B
20240503;100026;307.21;100;10261532971;B
20240503;100026;307.16;100;10261532972;S
20240503;100026;307.16;100;10261532993;S
20240503;100027;307.16;100;10261533051;S
20240503;100027;307.16;100;10261533071;S
20240503;100027;307.16;7000;10261533125;S
20240503;100027;307.16;100;10261533126;S
20240503;100027;307.19;10;10261533152;B
20240503;100027;307.16;100;10261533157;S
20240503;100027;307.19;10;10261533221;B
20240503;100027;307.16;100;10261533284;S
20240503;100027;307.16;100;10261533370;S
20240503;100027;307.19;100;10261533482;B
20240503;100027;307.16;100;10261533483;S
20240503;100028;307.16;100;10261533537;S
20240503;100028;307.16;100;10261533791;S
20240503;100028;307.16;100;10261533847;S
20240503;100028;307.16;100;10261533888;S
20240503;100028;307.16;100;10261533917;S
20240503;100029;307.16;100;10261533952;S
20240503;100029;307.16;100;10261533966;S
20240503;100029;307.16;100;10261533985;S
20240503;100029;307.2;10;10261533998;B
20240503;100029;307.16;100;10261534011;S
20240503;100029;307.16;100;10261534044;S
20240503;100029;307.16;100;10261534075;S
20240503;100029;307.16;100;10261534091;S
20240503;100029;307.16;100;10261534109;S
20240503;100029;307.16;100;10261534130;S
20240503;100029;307.16;100;10261534153;S
20240503;100030;307.16;100;10261534208;S
20240503;100030;307.16;100;10261534304;S
20240503;100030;307.16;100;10261534426;S
20240503;100030;307.16;100;10261534454;S
20240503;100030;307.16;3130;10261534478;S
20240503;100030;307.15;460;10261534479;S
20240503;100030;307.14;460;10261534480;S
20240503;100030;307.13;460;10261534481;S
20240503;100030;307.12;460;10261534482;S
20240503;100030;307.12;30;10261534483;S
20240503;100031;307.14;40;10261534519;B
20240503;100031;307.11;80;10261534520;S
20240503;100031;307.11;20;10261534546;S
20240503;100031;307.11;100;10261534589;S
20240503;100031;307.11;100;10261534662;S
20240503;100031;307.11;100;10261534700;S
20240503;100031;307.11;60;10261534732;S
20240503;100031;307.1;40;10261534733;S
20240503;100032;307.11;100;10261534777;S
20240503;100032;307.16;100;10261534795;B
20240503;100032;307.11;100;10261534801;S
20240503;100032;307.16;100;10261534835;B
20240503;100032;307.11;100;10261534836;S
20240503;100032;307.11;80;10261534852;S
20240503;100032;307.11;80;10261534872;S
20240503;100032;307.11;20;10261534873;S
20240503;100032;307.16;200;10261534899;B
20240503;100032;307.17;980;10261534900;B
20240503;100032;307.18;880;10261534901;B
20240503;100032;307.18;60;10261534902;B
20240503;100032;307.18;2000;10261534903;B
20240503;100032;307.2;460;10261534904;B
20240503;100032;307.21;460;10261534905;B
20240503;100032;307.21;330;10261534906;B
20240503;100032;307.22;5000;10261534907;B
20240503;100032;307.22;460;10261534908;B
20240503;100032;307.22;2000;10261534909;B
20240503;100032;307.22;2000;10261534910;B
20240503;100032;307.22;170;10261534911;B
20240503;100032;307.11;100;10261534919;S
20240503;100032;307.17;10;10261534959;B
20240503;100032;307.11;100;10261534960;S
20240503;100032;307.11;100;10261534996;S
20240503;100033;307.11;100;10261535052;S
20240503;100033;307.11;100;10261535114;S
20240503;100033;307.17;100;10261535225;B
20240503;100033;307.11;100;10261535227;S
20240503;100033;307.17;100;10261535301;B
20240503;100033;307.11;100;10261535303;S
20240503;100034;307.16;100;10261535331;S
20240503;100034;307.16;100;10261535401;S
20240503;100034;307.17;100;10261535471;S
20240503;100034;307.17;360;10261535490;S
20240503;100034;307.16;70;10261535491;S
20240503;100035;307.21;400;10261535600;S
20240503;100035;307.21;60;10261535639;S
20240503;100035;307.2;40;10261535640;S
20240503;100035;307.21;460;10261535801;S
20240503;100035;307.2;3300;10261535802;S
20240503;100035;307.2;460;10261535803;S
20240503;100035;307.19;460;10261535804;S
20240503;100035;307.18;320;10261535805;S
20240503;100036;307.19;460;10261536031;S
20240503;100036;307.18;80;10261536032;S
20240503;100036;307.18;70;10261536033;S
20240503;100036;307.17;100;10261536114;S
20240503;100037;307.23;100;10261536158;B
20240503;100037;307.19;100;10261536159;S
20240503;100037;307.23;100;10261536204;B
20240503;100037;307.19;100;10261536205;S
20240503;100037;307.25;200;10261536262;B
20240503;100037;307.19;80;10261536318;S
20240503;100039;307.2;100;10261536680;S
20240503;100039;307.22;100;10261536822;S
20240503;100039;307.19;180;10261536838;S
20240503;100039;307.18;20;10261536839;S
20240503;100039;307.18;460;10261536840;S
20240503;100039;307.17;360;10261536841;S
20240503;100039;307.16;30;10261536842;S
20240503;100039;307.16;460;10261536843;S
20240503;100039;307.15;460;10261536844;S
20240503;100039;307.15;400;10261536845;S
20240503;100039;307.14;460;10261536846;S
20240503;100039;307.14;2170;10261536847;S
20240503;100040;307.12;10;10261537019;S
20240503;100040;307.12;100;10261537117;S
20240503;100041;307.12;230;10261537164;S
20240503;100041;307.19;190;10261537228;B
20240503;100042;307.19;100;10261537704;B
20240503;100042;307.12;100;10261537706;S
20240503;100043;307.12;20;10261537736;S
20240503;100043;307.12;80;10261537737;S
20240503;100043;307.12;100;10261537783;S
20240503;100043;307.18;100;10261537832;B
20240503;100043;307.12;100;10261537833;S
20240503;100043;307.18;100;10261537856;B
20240503;100043;307.12;100;10261537858;S
20240503;100043;307.18;100;10261537893;B
20240503;100043;307.12;100;10261537894;S
20240503;100043;307.18;100;10261537957;B
20240503;100043;307.12;100;10261537958;S
20240503;100043;307.17;400;10261537968;B
20240503;100043;307.18;90;10261537969;B
20240503;100043;307.2;880;10261537970;B
20240503;100043;307.2;260;10261537971;B
20240503;100043;307.17;10;10261537992;B
20240503;100043;307.12;360;10261537997;S
20240503;100043;307.11;460;10261537998;S
20240503;100043;307.11;100;10261537999;S
20240503;100043;307.11;400;10261538000;S
20240503;100043;307.1;200;10261538001;S
20240503;100043;307.1;50;10261538002;S
20240503;100043;307.1;10;10261538003;S
20240503;100043;307.1;3420;10261538004;S
20240503;100044;307.19;40;10261538080;B
20240503;100044;307.17;30;10261538124;B
20240503;100045;307.12;100;10261538191;B
20240503;100045;307.11;100;10261538192;S
20240503;100045;307.12;100;10261538208;B
20240503;100045;307.1;100;10261538210;S
20240503;100045;307.12;100;10261538217;B
20240503;100045;307.1;100;10261538218;S
20240503;100045;307.1;100;10261538228;S
20240503;100045;307.12;100;10261538252;B
20240503;100045;307.1;100;10261538253;S
20240503;100045;307.12;100;10261538306;B
20240503;100045;307.1;100;10261538307;S
20240503;100045;307.12;100;10261538379;B
20240503;100045;307.1;100;10261538380;S
20240503;100046;307.1;100;10261538413;S
20240503;100046;307.1;100;10261538429;S
20240503;100046;307.1;10;10261538441;S
20240503;100046;307.12;1000;10261538498;B
20240503;100047;307.12;100;10261538585;B
20240503;100047;307.1;100;10261538586;S
20240503;100047;307.12;300;10261538675;B
20240503;100047;307.17;30;10261538735;S
20240503;100047;307.16;70;10261538736;S
20240503;100048;307.16;100;10261538771;S
20240503;100048;307.16;100;10261538798;S
20240503;100048;307.17;100;10261538881;S
20240503;100048;307.17;100;10261538905;S
20240503;100048;307.16;100;10261538996;S
20240503;100049;307.16;80;10261539054;S
20240503;100049;307.13;20;10261539055;S
20240503;100049;307.12;100;10261539138;B
20240503;100049;307.1;100;10261539140;S
20240503;100049;307.12;100;10261539208;B
20240503;100049;307.1;100;10261539212;S
20240503;100049;307.1;60;10261539226;S
20240503;100049;307.1;100;10261539257;S
20240503;100050;307.1;100;10261539329;S
20240503;100050;307.1;100;10261539347;S
20240503;100050;307.1;100;10261539354;S
20240503;100050;307.1;100;10261539401;S
20240503;100050;307.12;10;10261539469;B
20240503;100050;307.1;100;10261539481;S
20240503;100051;307.1;1320;10261539498;S
20240503;100051;307.1;1000;10261539499;S
20240503;100051;307.1;1000;10261539500;S
20240503;100051;307.1;1000;10261539501;S
20240503;100051;307.07;100;10261539502;S
20240503;100051;307.06;120;10261539503;S
20240503;100051;307.05;430;10261539504;S
20240503;100051;307.05;30;10261539505;S
20240503;100051;307.03;100;10261539635;S
20240503;100051;307.08;10;10261539644;B
20240503;100051;307.03;50;10261539658;S
20240503;100051;307.03;10;10261539667;B
20240503;100052;307.03;500;10261539808;B
20240503;100052;307.03;100;10261539809;B
20240503;100052;307.02;10;10261539810;S
20240503;100052;307.02;10;10261539811;S
20240503;100052;307.02;80;10261539812;S
20240503;100052;307.03;20;10261539814;B
20240503;100052;307.03;10;10261539869;B
20240503;100052;307.03;20;10261539886;B
20240503;100052;307.02;250;10261539912;S
20240503;100052;307.02;160;10261539968;S
20240503;100052;307.02;100;10261539969;S
20240503;100052;307.01;10;10261539970;S
20240503;100052;307.01;100;10261539971;S
20240503;100052;307.01;10;10261539972;S
20240503;100052;307.01;60;10261539973;S
20240503;100052;307.01;10;10261539974;S
20240503;100052;307.01;120;10261539975;S
20240503;100052;307.01;1000;10261539976;S
20240503;100052;307.01;100;10261539977;S
20240503;100052;307.01;60;10261539978;S
20240503;100052;307;150;10261539979;S
20240503;100052;307;30;10261539980;S
20240503;100052;307;10;10261539981;S
20240503;100052;307;90;10261539982;S
20240503;100052;307;10;10261539983;S
20240503;100052;307;300;10261539984;S
20240503;100052;307;10;10261539985;S
20240503;100052;307;20;10261539986;S
20240503;100052;307;10;10261539987;S
20240503;100052;307;10;10261539988;S
20240503;100052;307;10;10261539989;S
20240503;100052;307;10;10261539990;S
20240503;100052;307;60;10261539991;S
20240503;100052;307;10;10261539992;S
20240503;100052;307;10;10261539993;S
20240503;100052;307;30;10261539994;S
20240503;100052;307;20;10261539995;S
20240503;100052;307;40;10261539996;S
20240503;100052;307;50;10261539997;S
20240503;100052;307;10;10261539998;S
20240503;100052;307;10;10261539999;S
20240503;100052;307;10;10261540000;S
20240503;100052;307;10;10261540001;S
20240503;100052;307;30;10261540002;S
20240503;100052;307;300;10261540003;S
20240503;100052;307;100;10261540004;S
20240503;100052;307;50;10261540005;S
20240503;100052;307;180;10261540006;S
20240503;100052;307;10;10261540007;S
20240503;100052;307;180;10261540008;S
20240503;100053;307;100;10261540085;S
20240503;100053;307.03;10;10261540159;B
20240503;100053;307;10;10261540165;S
20240503;100053;307;10;10261540181;S
20240503;100053;307;10;10261540182;S
20240503;100053;307;10;10261540183;S
20240503;100053;307;30;10261540184;S
20240503;100053;307;10;10261540185;S
20240503;100053;307;10;10261540186;S
20240503;100053;307;50;10261540187;S
20240503;100053;307.03;400;10261540195;B
20240503;100053;307;50;10261540271;S
20240503;100053;307;50;10261540272;S
20240503;100053;307.03;50;10261540292;B
20240503;100053;307;20;10261540297;S
20240503;100053;307;20;10261540298;S
20240503;100053;307;60;10261540299;S
20240503;100053;307;80;10261540326;S
20240503;100053;307;20;10261540327;S
20240503;100054;307;100;10261540356;S
20240503;100054;307.03;20;10261540388;B
20240503;100054;307.03;520;10261540401;B
20240503;100054;307.06;400;10261540402;B
20240503;100054;307.08;460;10261540403;B
20240503;100054;307.09;980;10261540404;B
20240503;100054;307.09;460;10261540405;B
20240503;100054;307.09;330;10261540406;B
20240503;100054;307.1;20;10261540407;B
20240503;100054;307.01;100;10261540413;S
20240503;100054;307.01;100;10261540462;S
20240503;100054;307.03;30;10261540487;S
20240503;100054;307.02;70;10261540488;S
20240503;100054;307.01;100;10261540509;S
20240503;100054;307.01;100;10261540522;S
20240503;100055;307.01;100;10261540586;S
20240503;100055;307.01;100;10261540594;S
20240503;100055;307.01;60;10261540643;S
20240503;100055;307.01;40;10261540644;S
20240503;100055;307.01;100;10261540678;S
20240503;100055;307.01;100;10261540691;S
20240503;100055;307.1;10;10261540708;B
20240503;100055;307.09;100;10261540712;B
20240503;100055;307.08;100;10261540713;S
20240503;100055;307.09;10;10261540717;B
20240503;100055;307.09;100;10261540754;B
20240503;100055;307.08;100;10261540755;S
20240503;100055;307.09;100;10261540808;S
20240503;100056;307.09;100;10261540813;S
20240503;100056;307.08;5000;10261540853;S
20240503;100056;307.1;100;10261540859;B
20240503;100056;307.03;100;10261540874;S
20240503;100056;307.03;100;10261540882;S
20240503;100056;307.03;100;10261540900;S
20240503;100056;307.03;100;10261540937;S
20240503;100056;307.03;20;10261540943;S
20240503;100056;307.1;50;10261540990;B
20240503;100056;307.03;100;10261540994;S
20240503;100057;307.1;100;10261541052;B
20240503;100057;307.03;100;10261541053;S
20240503;100057;307.1;100;10261541085;B
20240503;100057;307.03;100;10261541087;S
20240503;100057;307.1;100;10261541098;B
20240503;100057;307.03;80;10261541099;S
20240503;100057;307.02;20;10261541100;S
20240503;100057;307.02;30;10261541102;S
20240503;100057;307.03;400;10261541137;S
20240503;100057;307.02;1600;10261541138;S
20240503;100057;307.01;100;10261541145;S
20240503;100057;307.09;30;10261541155;B
20240503;100057;307.01;100;10261541178;S
20240503;100057;307.01;100;10261541195;S
20240503;100057;307.01;140;10261541222;S
20240503;100058;307.01;20;10261541280;S
20240503;100058;307.01;80;10261541281;S
20240503;100058;307.01;100;10261541331;S
20240503;100058;307.07;100;10261541369;B
20240503;100058;307.01;100;10261541370;S
20240503;100058;307.07;100;10261541437;B
20240503;100059;307;100;10261541462;S
20240503;100059;307.06;10;10261541514;B
20240503;100059;307.07;100;10261541567;B
20240503;100059;307;100;10261541568;S
20240503;100059;307.01;100;10261541583;S
20240503;100059;307.07;100;10261541603;S
20240503;100059;307.01;100;10261541618;S
20240503;100059;307;100;10261541626;S
20240503;100059;307.07;50;10261541652;B
20240503;100059;307;100;10261541737;S
20240503;100100;307;10;10261541772;S
20240503;100100;307;10;10261541773;S
20240503;100100;307;10;10261541774;S
20240503;100100;307;500;10261541775;S
20240503;100100;307;2000;10261541776;S
20240503;100100;307;70;10261541777;S
20240503;100100;307;100;10261541778;S
20240503;100100;307;10;10261541779;S
20240503;100100;307;130;10261541780;S
20240503;100100;307;10;10261541781;S
20240503;100100;307;10;10261541782;S
20240503;100100;307;2140;10261541783;S
20240503;100100;307;100;10261541788;S
20240503;100100;307;70;10261541844;S
20240503;100100;307;100;10261542090;S
20240503;100100;307;100;10261542152;S
20240503;100101;307;470;10261542166;S
20240503;100101;307.01;30;10261542194;B
20240503;100101;307;10;10261542223;S
20240503;100101;307;100;10261542253;S
20240503;100101;307;100;10261542323;S
20240503;100102;307;100;10261542363;S
20240503;100102;307;100;10261542423;S
20240503;100102;307;30;10261542446;S
20240503;100103;307;100;10261542561;S
20240503;100103;307;100;10261542588;S
20240503;100103;307.01;70;10261542592;B
20240503;100103;307.01;100;10261542593;B
20240503;100103;307.01;400;10261542594;B
20240503;100103;307.01;100;10261542637;S
20240503;100103;307.01;100;10261542665;S
20240503;100103;307.01;50;10261542675;S
20240503;100104;307.01;50;10261542697;S
20240503;100104;307.01;730;10261542698;S
20240503;100104;307.01;70;10261542699;S
20240503;100104;307.01;100;10261542700;S
20240503;100104;307.01;170;10261542705;S
20240503;100104;307.01;60;10261542706;S
20240503;100104;307;780;10261542707;S
20240503;100104;307.05;10;10261542709;B
20240503;100104;307.02;10;10261542723;S
20240503;100104;307;90;10261542724;S
20240503;100104;307.03;10;10261542760;S
20240503;100104;307;90;10261542761;S
20240503;100104;307.01;10;10261542886;S
20240503;100104;307;90;10261542887;S
20240503;100105;307.03;10;10261542989;S
20240503;100105;307.02;10;10261542990;S
20240503;100105;307.01;20;10261542991;S
20240503;100105;307;4850;10261542992;S
20240503;100105;307;10;10261542993;S
20240503;100105;307;100;10261542994;S
20240503;100105;307.02;10;10261543055;B
20240503;100105;307.02;100;10261543114;B
20240503;100105;307.01;10;10261543115;S
20240503;100105;307;90;10261543116;S
20240503;100105;307.02;100;10261543182;B
20240503;100105;307;100;10261543184;S
20240503;100105;307;100;10261543206;S
20240503;100106;307;100;10261543236;S
20240503;100106;307;7000;10261543265;S
20240503;100106;307.01;10;10261543289;S
20240503;100106;307;90;10261543290;S
20240503;100106;307;100;10261543301;S
20240503;100106;307.02;10;10261543321;B
20240503;100106;307;100;10261543358;S
20240503;100106;307;100;10261543379;S
20240503;100106;307.02;60;10261543380;B
20240503;100107;307;200;10261543402;S
20240503;100107;307;1000;10261543404;S
20240503;100107;307;100;10261543407;S
20240503;100107;307;100;10261543417;S
20240503;100107;307;100;10261543451;S
20240503;100107;307;100;10261543480;S
20240503;100107;307.01;10;10261543506;S
20240503;100107;307;90;10261543507;S
20240503;100107;307;100;10261543570;S
20240503;100108;307;100;10261543595;S
20240503;100108;307;100;10261543626;S
20240503;100108;307;100;10261543676;S
20240503;100108;307;30;10261543708;S
20240503;100108;307;10;10261543709;S
20240503;100108;307;10;10261543710;S
20240503;100108;307;10;10261543711;S
20240503;100108;307;10;10261543712;S
20240503;100108;307;30;10261543713;S
20240503;100108;307;70;10261543778;S
20240503;100108;307;30;10261543779;S
20240503;100108;307.01;10;10261543797;S
20240503;100109;307;100;10261543858;S
20240503;100109;307;480;10261543889;S
20240503;100109;307;10;10261543890;S
20240503;100109;307;10;10261543891;S
20240503;100109;307;100;10261543892;S
20240503;100109;307;250;10261543893;S
20240503;100109;307;100;10261543894;S
20240503;100109;307;100;10261543895;S
20240503;100109;307;100;10261543896;S
20240503;100109;306.99;100;10261543897;S
20240503;100109;306.99;10;10261543898;S
20240503;100109;306.97;10;10261543899;S
20240503;100109;306.96;10;10261543900;S
20240503;100109;306.96;460;10261543901;S
20240503;100109;306.95;10;10261543902;S
20240503;100109;306.95;460;10261543903;S
20240503;100109;306.94;460;10261543904;S
20240503;100109;306.93;460;10261543905;S
20240503;100109;306.92;50;10261543906;S
20240503;100109;306.92;10;10261543907;S
20240503;100109;306.92;70;10261543908;S
20240503;100109;306.92;460;10261543909;S
20240503;100109;306.92;870;10261543910;S
20240503;100109;306.91;10;10261543911;S
20240503;100109;306.91;10;10261543912;S
20240503;100109;306.91;10;10261543913;S
20240503;100109;306.91;250;10261543914;S
20240503;100109;306.91;10;10261543915;S
20240503;100109;306.91;20;10261543916;S
20240503;100109;306.91;100;10261543917;S
20240503;100109;306.97;100;10261543933;B
20240503;100109;306.98;10;10261543942;B
20240503;100109;306.91;150;10261543945;S
20240503;100109;306.91;20;10261543968;S
20240503;100109;306.91;20;10261544062;S
20240503;100110;306.97;10;10261544201;B
20240503;100110;306.97;10;10261544220;B
20240503;100110;306.96;20;10261544365;S
20240503;100110;306.95;80;10261544366;S
20240503;100111;306.96;100;10261544443;S
20240503;100111;306.93;870;10261544491;S
20240503;100111;306.92;70;10261544492;S
20240503;100111;306.92;10;10261544493;S
20240503;100111;306.92;10;10261544494;S
20240503;100111;306.92;10;10261544495;S
20240503;100111;306.92;10;10261544496;S
20240503;100111;306.92;10;10261544497;S
20240503;100111;306.92;10;10261544498;S
20240503;100111;306.92;10;10261544499;S
20240503;100111;306.91;170;10261544500;S
20240503;100111;306.9;10;10261544501;S
20240503;100111;306.9;200;10261544502;S
20240503;100111;306.9;10;10261544503;S
20240503;100111;306.9;500;10261544504;S
20240503;100111;306.9;500;10261544505;S
20240503;100111;306.9;50;10261544506;S
20240503;100111;306.9;10;10261544507;S
20240503;100111;306.9;80;10261544508;S
20240503;100111;306.9;80;10261544509;S
20240503;100111;306.9;10;10261544510;S
20240503;100111;306.9;1450;10261544511;S
20240503;100111;306.9;920;10261544512;S
20240503;100111;306.94;100;10261544555;B
20240503;100111;306.91;100;10261544556;S
20240503;100111;306.94;100;10261544597;B
20240503;100111;306.91;100;10261544599;S
20240503;100111;306.94;20;10261544607;B
20240503;100111;306.94;100;10261544628;B
20240503;100111;306.91;100;10261544629;S
20240503;100111;306.95;100;10261544632;B
20240503;100112;306.95;100;10261544690;B
20240503;100112;306.95;100;10261544693;B
20240503;100112;306.91;100;10261544694;S
20240503;100112;306.91;60;10261544801;S
20240503;100112;306.9;80;10261544802;S
20240503;100112;306.9;10;10261544803;S
20240503;100112;306.95;100;10261544806;B
20240503;100112;306.91;100;10261544807;S
20240503;100112;306.95;10;10261544841;B
20240503;100112;306.95;100;10261544883;B
20240503;100112;306.91;100;10261544884;S
20240503;100112;306.95;100;10261544937;B
20240503;100112;306.91;100;10261544938;S
20240503;100112;306.91;100;10261544976;S
20240503;100113;306.95;100;10261545061;B
20240503;100113;306.91;100;10261545062;S
20240503;100113;306.91;100;10261545129;S
20240503;100113;306.92;20;10261545162;B
20240503;100113;306.9;100;10261545167;S
20240503;100113;306.92;10;10261545197;B
20240503;100114;306.95;10;10261545235;B
20240503;100114;306.95;40;10261545246;B
20240503;100114;306.9;100;10261545292;S
20240503;100114;306.9;10;10261545324;S
20240503;100114;306.9;100;10261545385;S
20240503;100114;306.9;20;10261545438;S
20240503;100115;306.9;100;10261545449;S
20240503;100115;306.9;100;10261545495;S
20240503;100115;306.92;30;10261545507;B
20240503;100115;306.94;70;10261545508;B
20240503;100115;306.9;460;10261545509;S
20240503;100115;306.9;1000;10261545510;S
20240503;100115;306.9;10;10261545511;S
20240503;100115;306.9;10;10261545512;S
20240503;100115;306.9;2650;10261545513;S
20240503;100115;306.9;870;10261545514;S
20240503;100115;306.9;100;10261545515;S
20240503;100115;306.9;100;10261545552;S
20240503;100115;306.9;100;10261545561;S
20240503;100115;306.9;100;10261545588;S
20240503;100116;306.92;100;10261545624;B
20240503;100116;306.9;100;10261545655;S
20240503;100116;306.92;100;10261545702;B
20240503;100116;306.9;100;10261545703;S
20240503;100116;306.92;100;10261545746;B
20240503;100116;306.9;100;10261545747;S
20240503;100116;306.92;100;10261545763;B
20240503;100116;306.9;100;10261545764;S
20240503;100117;306.92;100;10261545785;B
20240503;100117;306.9;100;10261545788;S
20240503;100117;306.92;340;10261545846;B
20240503;100117;306.92;100;10261545847;B
20240503;100117;306.93;100;10261545848;B
20240503;100117;306.92;100;10261545860;S
20240503;100117;306.9;100;10261545886;S
20240503;100117;306.9;20;10261545896;S
20240503;100117;306.9;100;10261545922;S
20240503;100117;306.9;100;10261545963;S
20240503;100117;306.9;100;10261545987;S
20240503;100117;306.9;2900;10261545988;S
20240503;100117;306.9;100;10261545989;S
20240503;100117;306.9;10;10261545990;S
20240503;100118;306.96;100;10261546023;B
20240503;100118;306.9;100;10261546027;S
20240503;100118;306.94;100;10261546040;B
20240503;100118;306.94;100;10261546041;S
20240503;100118;306.9;4000;10261546047;S
20240503;100118;306.9;1000;10261546048;S
20240503;100118;306.94;40;10261546076;B
20240503;100118;306.94;100;10261546129;B
20240503;100118;306.9;100;10261546131;S
20240503;100118;306.9;100;10261546170;S
20240503;100118;306.92;50;10261546222;B
20240503;100118;306.93;50;10261546223;S
20240503;100118;306.9;50;10261546224;S
20240503;100119;306.9;100;10261546271;S
20240503;100119;306.95;100;10261546357;S
20240503;100119;306.95;100;10261546416;S
20240503;100119;306.97;460;10261546417;B
20240503;100119;306.97;540;10261546418;B
20240503;100120;306.95;100;10261546519;S
20240503;100120;306.95;100;10261546597;S
20240503;100120;306.95;100;10261546743;S
20240503;100120;306.92;20;10261546780;S
20240503;100120;306.9;80;10261546781;S
20240503;100120;306.9;100;10261546826;S
20240503;100121;306.9;100;10261546894;S
20240503;100121;306.9;100;10261547021;S
20240503;100121;306.9;100;10261547046;S
20240503;100121;306.9;100;10261547060;S
20240503;100121;306.9;100;10261547078;S
20240503;100121;306.9;20;10261547111;S
20240503;100121;306.9;80;10261547112;S
20240503;100121;306.97;10;10261547126;B
20240503;100121;306.9;100;10261547203;S
20240503;100121;306.9;100;10261547259;S
20240503;100122;306.9;100;10261547345;S
20240503;100122;306.9;100;10261547375;S
20240503;100122;306.9;5000;10261547383;S
20240503;100122;306.9;100;10261547427;S
20240503;100122;306.9;100;10261547476;S
20240503;100122;306.9;100;10261547527;S
20240503;100123;306.9;100;10261547597;S
20240503;100123;306.95;10;10261547604;B
20240503;100123;306.9;100;10261547632;S
20240503;100123;306.9;100;10261547645;S
20240503;100123;306.9;200;10261547649;S
20240503;100123;306.9;100;10261547668;S
20240503;100123;306.9;100;10261547708;S
20240503;100124;306.9;100;10261547754;S
20240503;100124;306.96;200;10261547771;B
20240503;100124;306.9;20;10261547779;S
20240503;100124;306.92;100;10261547827;B
20240503;100124;306.9;100;10261547828;S
20240503;100124;306.92;10;10261547844;B
20240503;100124;306.94;90;10261547845;B
20240503;100124;306.9;100;10261547846;S
20240503;100124;306.94;100;10261547854;S
20240503;100124;306.94;100;10261547878;S
20240503;100125;306.94;100;10261547944;S
20240503;100125;306.94;100;10261547964;S
20240503;100125;306.9;10;10261547974;S
20240503;100125;306.9;220;10261548033;S
20240503;100125;306.9;10;10261548034;S
20240503;100125;306.94;100;10261548087;S
20240503;100126;306.98;50;10261548114;B
20240503;100126;306.98;50;10261548115;B
20240503;100126;306.93;100;10261548116;S
20240503;100126;306.98;100;10261548129;B
20240503;100126;306.92;100;10261548130;S
20240503;100126;306.92;200;10261548151;S
20240503;100126;306.92;400;10261548152;S
20240503;100126;306.91;880;10261548153;S
20240503;100126;306.91;110;10261548154;S
20240503;100126;306.9;970;10261548155;S
20240503;100126;306.9;2000;10261548156;S
20240503;100126;306.9;440;10261548157;S
20240503;100126;306.98;100;10261548160;B
20240503;100126;306.91;100;10261548167;S
20240503;100126;306.98;100;10261548179;B
20240503;100126;306.91;100;10261548180;S
20240503;100127;306.98;100;10261548297;B
20240503;100127;306.95;100;10261548298;S
20240503;100127;306.95;100;10261548312;S
20240503;100127;306.98;100;10261548367;B
20240503;100127;306.97;100;10261548371;B
20240503;100127;306.95;100;10261548373;S
20240503;100128;306.97;100;10261548403;B
20240503;100128;306.95;100;10261548404;S
20240503;100128;306.97;100;10261548412;B
20240503;100128;306.95;100;10261548414;S
20240503;100128;306.95;160;10261548473;S
20240503;100128;306.95;100;10261548487;S
20240503;100128;306.96;10;10261548512;B
20240503;100129;306.95;40;10261548529;S
20240503;100129;306.9;60;10261548530;S
20240503;100129;306.95;100;10261548549;B
20240503;100129;306.9;100;10261548550;S
20240503;100129;306.95;100;10261548563;B
20240503;100129;306.9;100;10261548564;S
20240503;100129;306.9;4870;10261548575;S
20240503;100129;306.9;10;10261548576;S
20240503;100129;306.9;120;10261548577;S
20240503;100129;306.9;150;10261548589;S
20240503;100129;306.95;100;10261548619;B
20240503;100129;306.9;100;10261548620;S
20240503;100129;306.95;100;10261548643;B
20240503;100129;306.9;100;10261548645;S
20240503;100130;306.95;100;10261548673;B
20240503;100130;306.9;100;10261548676;S
20240503;100130;306.9;100;10261548716;S
20240503;100130;306.9;100;10261548793;S
20240503;100130;306.9;100;10261548815;S
20240503;100130;306.9;100;10261548832;S
20240503;100131;306.91;100;10261548868;S
20240503;100131;306.91;100;10261548885;S
20240503;100131;306.95;100;10261548897;B
20240503;100131;306.91;100;10261548898;S
20240503;100131;306.91;70;10261548903;S
20240503;100131;306.95;100;10261548924;B
20240503;100131;306.91;100;10261548925;S
20240503;100131;306.94;10;10261548979;B
20240503;100131;306.95;90;10261548980;B
20240503;100131;306.91;100;10261548981;S
20240503;100131;306.95;100;10261548991;B
20240503;100132;306.95;30;10261549034;B
20240503;100132;306.95;100;10261549058;B
20240503;100132;306.92;50;10261549059;S
20240503;100132;306.91;50;10261549060;S
20240503;100132;306.95;80;10261549071;B
20240503;100132;306.96;20;10261549072;B
20240503;100132;306.91;100;10261549073;S
20240503;100132;306.95;10;10261549075;B
20240503;100132;306.91;1280;10261549102;S
20240503;100132;306.9;20;10261549103;S
20240503;100132;306.9;3700;10261549104;S
20240503;100132;306.95;100;10261549105;B
20240503;100132;306.9;100;10261549106;S
20240503;100132;306.95;100;10261549135;B
20240503;100132;306.9;100;10261549137;S
20240503;100132;306.96;100;10261549148;S
20240503;100132;306.96;100;10261549213;S
20240503;100132;306.9;1100;10261549214;S
20240503;100132;306.9;110;10261549215;S
20240503;100132;306.9;390;10261549216;S
20240503;100133;306.94;100;10261549266;B
20240503;100133;306.9;100;10261549267;S
20240503;100133;306.94;100;10261549280;B
20240503;100133;306.9;100;10261549281;S
20240503;100133;306.9;10;10261549302;S
20240503;100133;306.94;100;10261549326;B
20240503;100133;306.9;100;10261549327;S
20240503;100133;306.94;100;10261549359;B
20240503;100133;306.9;100;10261549360;S
20240503;100134;306.93;100;10261549405;B
20240503;100134;306.9;100;10261549406;S
20240503;100134;306.93;100;10261549428;B
20240503;100134;306.9;100;10261549430;S
20240503;100134;306.93;100;10261549450;B
20240503;100134;306.9;100;10261549451;S
20240503;100134;306.93;100;10261549469;B
20240503;100134;306.9;100;10261549500;S
20240503;100134;306.93;10;10261549501;B
20240503;100134;306.93;100;10261549517;B
20240503;100134;306.9;100;10261549519;S
20240503;100134;306.93;100;10261549522;B
20240503;100134;306.9;100;10261549523;S
20240503;100134;306.93;100;10261549532;B
20240503;100134;306.9;100;10261549534;S
20240503;100134;306.93;100;10261549539;B
20240503;100134;306.9;100;10261549540;S
20240503;100134;306.93;60;10261549548;B
20240503;100135;306.93;100;10261549622;B
20240503;100135;306.9;100;10261549623;S
20240503;100135;306.93;10;10261549709;B
20240503;100135;306.94;100;10261549721;B
20240503;100135;306.94;100;10261549752;B
20240503;100135;306.9;100;10261549753;S
20240503;100135;306.94;100;10261549778;B
20240503;100135;306.91;100;10261549782;S
20240503;100136;306.94;20;10261549815;B
20240503;100136;306.95;80;10261549816;S
20240503;100136;306.9;20;10261549817;S
20240503;100136;306.91;100;10261549835;S
20240503;100136;306.97;150;10261549848;B
20240503;100136;306.92;100;10261549921;S
20240503;100136;306.97;40;10261549951;S
20240503;100136;306.91;60;10261549952;S
20240503;100137;306.93;100;10261549986;S
20240503;100137;306.93;100;10261550021;S
20240503;100137;306.92;100;10261550057;S
20240503;100137;306.92;100;10261550077;S
20240503;100137;306.98;100;10261550091;S
20240503;100137;306.97;30;10261550094;B
20240503;100137;306.97;100;10261550106;B
20240503;100137;306.93;100;10261550107;S
20240503;100138;306.97;100;10261550120;B
20240503;100138;306.93;100;10261550121;S
20240503;100138;306.93;100;10261550128;S
20240503;100138;306.92;50;10261550141;S
20240503;100138;306.92;50;10261550142;S
20240503;100138;306.92;350;10261550145;S
20240503;100138;306.91;650;10261550146;S
20240503;100138;306.91;100;10261550158;S
20240503;100138;306.9;100;10261550168;S
20240503;100138;306.96;100;10261550184;B
20240503;100138;306.9;100;10261550185;S
20240503;100138;306.9;100;10261550208;S
20240503;100139;306.93;140;10261550213;B
20240503;100139;306.93;100;10261550246;B
20240503;100139;306.91;100;10261550247;S
20240503;100139;306.93;10;10261550269;B
20240503;100139;306.96;90;10261550270;B
20240503;100139;306.9;100;10261550271;S
20240503;100139;306.9;100;10261550296;S
20240503;100139;306.96;100;10261550316;B
20240503;100139;306.9;100;10261550317;S
20240503;100139;306.95;100;10261550335;B
20240503;100139;306.9;80;10261550336;S
20240503;100139;306.9;20;10261550337;S
20240503;100140;306.9;980;10261550349;S
20240503;100140;306.9;10;10261550350;S
20240503;100140;306.9;50;10261550351;S
20240503;100140;306.9;760;10261550352;S
20240503;100140;306.91;100;10261550377;B
20240503;100140;306.9;100;10261550380;S
20240503;100140;306.91;100;10261550393;B
20240503;100140;306.9;100;10261550398;S
20240503;100140;306.9;40;10261550468;S
20240503;100140;306.9;60;10261550469;S
20240503;100140;306.9;100;10261550491;S
20240503;100140;306.9;100;10261550502;S
20240503;100140;306.91;100;10261550510;S
20240503;100141;306.9;100;10261550534;S
20240503;100141;306.9;100;10261550548;S
20240503;100141;306.9;40;10261550564;S
20240503;100141;306.9;60;10261550565;S
20240503;100141;306.9;100;10261550579;S
20240503;100141;306.9;100;10261550600;S
20240503;100141;306.9;100;10261550613;S
20240503;100141;306.9;100;10261550631;S
20240503;100141;306.9;100;10261550639;S
20240503;100141;306.9;100;10261550647;S
20240503;100142;306.91;20;10261550659;B
20240503;100142;306.9;100;10261550674;S
20240503;100142;306.9;100;10261550693;S
20240503;100142;306.9;100;10261550705;S
20240503;100142;306.91;150;10261550720;B
20240503;100142;306.9;100;10261550727;S
20240503;100142;306.9;100;10261550756;S
20240503;100142;306.9;100;10261550765;S
20240503;100142;306.9;100;10261550778;S
20240503;100142;306.9;100;10261550789;S
20240503;100142;306.9;100;10261550811;S
20240503;100142;306.9;100;10261550827;S
20240503;100143;306.9;100;10261550842;S
20240503;100143;306.9;100;10261550861;S
20240503;100143;306.91;200;10261550910;B
20240503;100143;306.9;100;10261550911;S
20240503;100143;306.9;40;10261550922;S
20240503;100143;306.9;60;10261550923;S
20240503;100143;306.91;50;10261550951;S
20240503;100143;306.9;40;10261550952;S
20240503;100143;306.9;10;10261550953;S
20240503;100143;306.9;90;10261550966;S
20240503;100143;306.9;10;10261550967;S
20240503;100143;306.9;100;10261550994;S
20240503;100144;306.93;300;10261551043;B
20240503;100144;306.93;160;10261551044;B
20240503;100144;306.93;440;10261551045;B
20240503;100144;306.93;100;10261551075;B
20240503;100144;306.92;100;10261551076;S
20240503;100144;306.93;10;10261551083;B
20240503;100144;306.93;100;10261551096;B
20240503;100144;306.92;100;10261551099;S
20240503;100144;306.93;100;10261551108;B
20240503;100144;306.92;100;10261551109;S
20240503;100144;306.93;100;10261551158;B
20240503;100144;306.92;100;10261551159;S
20240503;100144;306.93;100;10261551181;B
20240503;100144;306.92;100;10261551182;S
20240503;100144;306.93;100;10261551228;B
20240503;100144;306.91;100;10261551229;S
20240503;100144;306.93;100;10261551238;B
20240503;100144;306.91;100;10261551239;S
20240503;100144;306.93;10;10261551241;B
20240503;100145;306.94;100;10261551256;B
20240503;100145;306.91;20;10261551257;S
20240503;100145;306.91;80;10261551258;S
20240503;100145;306.94;100;10261551274;B
20240503;100145;306.92;40;10261551275;S
20240503;100145;306.91;60;10261551276;S
20240503;100145;306.94;100;10261551285;B
20240503;100145;306.91;100;10261551286;S
20240503;100145;306.94;100;10261551308;B
20240503;100145;306.91;100;10261551309;S
20240503;100145;306.94;100;10261551325;B
20240503;100145;306.92;30;10261551326;S
20240503;100145;306.91;70;10261551327;S
20240503;100145;306.94;100;10261551353;B
20240503;100145;306.91;100;10261551355;S
20240503;100145;306.93;100;10261551399;S
20240503;100145;306.93;100;10261551438;S
20240503;100145;306.92;30;10261551478;S
20240503;100145;306.91;70;10261551479;S
20240503;100146;306.92;10;10261551528;S
20240503;100146;306.91;260;10261551529;S
20240503;100146;306.91;230;10261551530;S
20240503;100146;306.91;40;10261551531;S
20240503;100146;306.91;100;10261551553;S
20240503;100146;306.92;100;10261551577;S
20240503;100146;306.92;100;10261551599;S
20240503;100146;306.92;100;10261551631;S
20240503;100147;306.92;100;10261551641;S
20240503;100147;306.93;100;10261551658;S
20240503;100147;306.93;100;10261551665;S
20240503;100147;306.93;100;10261551682;S
20240503;100147;306.94;100;10261551777;B
20240503;100147;306.93;100;10261551778;S
20240503;100148;306.94;100;10261551798;B
20240503;100148;306.93;100;10261551799;S
20240503;100148;306.94;100;10261551807;B
20240503;100148;306.93;100;10261551808;S
20240503;100148;306.94;50;10261551840;B
20240503;100148;306.93;100;10261551843;S
20240503;100148;306.93;100;10261551859;S
20240503;100148;306.93;60;10261551868;B
20240503;100148;306.92;100;10261551880;S
20240503;100148;306.93;10;10261551883;B
20240503;100148;306.92;100;10261551895;S
20240503;100149;306.93;390;10261551933;B
20240503;100149;306.94;50;10261551934;B
20240503;100149;306.94;200;10261551935;B
20240503;100149;306.93;100;10261551942;S
20240503;100149;306.93;100;10261551959;S
20240503;100149;306.93;100;10261551968;S
20240503;100149;306.93;100;10261551978;S
20240503;100149;306.93;100;10261551991;S
20240503;100149;306.93;100;10261552006;S
20240503;100149;306.93;100;10261552013;S
20240503;100150;306.93;100;10261552079;S
20240503;100150;306.95;100;10261552123;S
20240503;100150;306.95;20;10261552147;S
20240503;100150;306.95;80;10261552148;S
20240503;100150;306.96;20;10261552149;B
20240503;100150;306.95;90;10261552159;S
20240503;100150;306.94;10;10261552160;S
20240503;100150;306.96;440;10261552179;B
20240503;100150;306.96;60;10261552180;B
20240503;100150;306.95;100;10261552202;B
20240503;100150;306.95;460;10261552203;B
20240503;100150;306.95;920;10261552204;B
20240503;100151;306.95;100;10261552237;S
20240503;100151;306.95;100;10261552257;S
20240503;100151;306.95;100;10261552279;S
20240503;100151;306.95;100;10261552347;S
20240503;100151;306.95;100;10261552378;S
20240503;100152;306.95;100;10261552397;S
20240503;100152;306.95;100;10261552425;S
20240503;100152;306.95;40;10261552447;S
20240503;100152;306.95;100;10261552458;S
20240503;100152;306.96;460;10261552459;B
20240503;100152;306.96;310;10261552460;B
20240503;100152;306.95;10;10261552504;S
20240503;100152;306.95;10;10261552505;S
20240503;100152;306.95;50;10261552506;S
20240503;100152;306.95;10;10261552507;S
20240503;100152;306.95;20;10261552508;S
20240503;100153;306.95;100;10261552574;S
20240503;100153;306.95;100;10261552612;S
20240503;100153;306.95;100;10261552666;S
20240503;100153;306.95;100;10261552686;S
20240503;100153;306.95;10;10261552734;S
20240503;100153;306.95;10;10261552735;S
20240503;100153;306.95;10;10261552736;S
20240503;100153;306.95;50;10261552737;S
20240503;100153;306.95;10;10261552738;S
20240503;100153;306.95;10;10261552739;S
20240503;100154;306.95;10;10261552784;S
20240503;100154;306.95;30;10261552785;S
20240503;100154;306.94;60;10261552786;S
20240503;100154;306.94;400;10261552788;B
20240503;100154;306.94;460;10261552789;B
20240503;100154;306.94;2000;10261552790;B
20240503;100154;306.95;50;10261552888;S
20240503;100154;306.95;50;10261552889;S
20240503;100154;306.95;100;10261552938;S
20240503;100155;306.95;100;10261552953;S
20240503;100155;306.95;100;10261552961;S
20240503;100155;306.95;100;10261552978;S
20240503;100155;306.95;1850;10261552985;S
20240503;100155;306.94;8000;10261552986;S
20240503;100155;306.92;400;10261552987;S
20240503;100155;306.92;500;10261552988;S
20240503;100155;306.91;50;10261552989;S
20240503;100155;306.91;100;10261552990;S
20240503;100155;306.91;10;10261552991;S
20240503;100155;306.91;400;10261552992;S
20240503;100155;306.9;890;10261552993;S
20240503;100155;306.9;50;10261552994;S
20240503;100155;306.9;10;10261552995;S
20240503;100155;306.9;10;10261552996;S
20240503;100155;306.9;800;10261552997;S
20240503;100155;306.9;50;10261552998;S
20240503;100155;306.9;50;10261552999;S
20240503;100155;306.9;10;10261553000;S
20240503;100155;306.9;4000;10261553001;S
20240503;100155;306.9;720;10261553002;S
20240503;100155;306.91;10;10261553032;S
20240503;100155;306.9;90;10261553033;S
20240503;100155;306.91;50;10261553035;B
20240503;100155;306.9;100;10261553047;S
20240503;100155;306.9;90;10261553054;S
20240503;100155;306.9;10;10261553055;S
20240503;100155;306.9;100;10261553081;S
20240503;100155;306.9;100;10261553093;S
20240503;100155;306.9;100;10261553103;S
20240503;100156;306.9;100;10261553151;S
20240503;100156;306.9;100;10261553159;S
20240503;100156;306.9;100;10261553174;S
20240503;100156;306.91;40;10261553181;B
20240503;100156;306.9;100;10261553194;S
20240503;100156;306.9;100;10261553263;S
20240503;100156;306.9;100;10261553270;S
20240503;100156;306.91;310;10261553277;B
20240503;100156;306.92;330;10261553278;B
20240503;100156;306.92;360;10261553279;B
20240503;100156;306.9;100;10261553290;S
20240503;100157;306.9;100;10261553307;S
20240503;100157;306.9;10;10261553309;S
20240503;100157;306.9;100;10261553333;S
20240503;100157;306.9;100;10261553340;S
20240503;100157;306.9;100;10261553357;S
20240503;100157;306.9;20;10261553378;S
20240503;100157;306.9;40;10261553396;S
20240503;100157;306.9;100;10261553410;S
20240503;100157;306.9;100;10261553420;S
20240503;100157;306.9;100;10261553441;S
20240503;100158;306.9;100;10261553477;S
20240503;100158;306.9;100;10261553512;S
20240503;100158;306.9;50;10261553556;S
20240503;100158;306.9;50;10261553557;S
20240503;100158;306.9;100;10261553583;S
20240503;100158;306.91;30;10261553584;B
20240503;100158;306.9;100;10261553597;S
20240503;100159;306.9;100;10261553637;S
20240503;100159;306.9;10;10261553645;S
20240503;100159;306.9;100;10261553647;S
20240503;100159;306.9;100;10261553662;S
20240503;100159;306.9;100;10261553669;S
20240503;100159;306.91;10;10261553680;B
20240503;100159;306.9;100;10261553713;S
20240503;100159;306.9;100;10261553739;S
20240503;100159;306.9;100;10261553754;S
20240503;100159;306.9;40;10261553757;S
20240503;100200;306.91;10;10261553802;B
20240503;100200;306.91;100;10261553830;B
20240503;100200;306.9;20;10261553839;S
20240503;100200;306.9;80;10261553840;S
20240503;100200;306.91;100;10261553857;S
20240503;100200;306.91;100;10261553928;B
20240503;100200;306.9;100;10261553930;S
20240503;100201;306.92;100;10261553946;B
20240503;100201;306.9;100;10261553952;S
20240503;100201;306.92;100;10261553969;S
20240503;100201;306.92;100;10261553998;B
20240503;100201;306.9;100;10261553999;S
20240503;100201;306.9;20;10261554007;S
20240503;100201;306.92;100;10261554014;B
20240503;100201;306.91;10;10261554046;S
20240503;100201;306.9;90;10261554047;S
20240503;100202;306.92;100;10261554083;S
20240503;100202;306.92;100;10261554107;S
20240503;100202;306.9;10;10261554112;S
20240503;100202;306.9;10;10261554113;S
20240503;100202;306.92;100;10261554148;B
20240503;100202;306.9;100;10261554149;S
20240503;100202;306.93;100;10261554157;B
20240503;100202;306.9;100;10261554158;S
20240503;100202;306.93;100;10261554241;B
20240503;100202;306.91;100;10261554243;S
20240503;100202;306.93;100;10261554292;B
20240503;100202;306.9;100;10261554294;S
20240503;100202;306.93;100;10261554306;S
20240503;100203;306.93;100;10261554331;S
20240503;100203;306.94;100;10261554359;B
20240503;100203;306.9;100;10261554363;S
20240503;100203;306.94;10;10261554365;B
20240503;100203;306.94;100;10261554392;B
20240503;100203;306.9;100;10261554393;S
20240503;100203;306.93;100;10261554406;B
20240503;100203;306.9;100;10261554407;S
20240503;100203;306.93;100;10261554457;B
20240503;100203;306.9;100;10261554458;S
20240503;100203;306.93;100;10261554481;B
20240503;100203;306.91;100;10261554482;S
20240503;100203;306.93;100;10261554493;B
20240503;100203;306.9;100;10261554494;S
20240503;100203;306.93;100;10261554513;B
20240503;100203;306.9;100;10261554515;S
20240503;100204;306.93;100;10261554528;B
20240503;100204;306.91;100;10261554529;S
20240503;100204;306.93;50;10261554535;B
20240503;100204;306.9;50;10261554538;S
20240503;100204;306.92;100;10261554571;B
20240503;100204;306.9;50;10261554572;S
20240503;100204;306.9;50;10261554573;S
20240503;100204;306.92;100;10261554595;B
20240503;100204;306.9;100;10261554596;S
20240503;100204;306.92;260;10261554613;B
20240503;100204;306.93;500;10261554614;B
20240503;100204;306.93;460;10261554615;B
20240503;100204;306.93;780;10261554616;B
20240503;100204;306.92;100;10261554739;S
20240503;100204;306.92;100;10261554785;S
20240503;100205;306.92;100;10261554833;S
20240503;100205;306.96;60;10261554863;B
20240503;100205;306.91;100;10261554908;S
20240503;100205;306.91;100;10261554932;S
20240503;100205;306.91;100;10261554949;S
20240503;100205;306.96;50;10261554956;B
20240503;100205;306.91;100;10261554962;S
20240503;100206;306.96;100;10261554974;B
20240503;100206;306.91;100;10261554975;S
20240503;100206;306.96;100;10261554988;B
20240503;100206;306.9;100;10261554989;S
20240503;100206;306.96;100;10261555029;B
20240503;100206;306.9;100;10261555030;S
20240503;100206;306.96;50;10261555041;B
20240503;100206;306.96;50;10261555042;B
20240503;100206;306.91;100;10261555043;S
20240503;100206;306.95;100;10261555059;B
20240503;100206;306.9;100;10261555060;S
20240503;100206;306.9;20;10261555061;S
20240503;100206;306.9;10;10261555063;S
20240503;100206;306.95;100;10261555081;B
20240503;100206;306.9;100;10261555082;S
20240503;100206;306.9;100;10261555189;S
20240503;100207;306.9;1400;10261555211;S
20240503;100207;306.94;100;10261555254;B
20240503;100207;306.9;100;10261555255;S
20240503;100207;306.94;100;10261555274;B
20240503;100207;306.9;100;10261555276;S
20240503;100207;306.94;100;10261555291;S
20240503;100207;306.94;20;10261555298;B
20240503;100207;306.94;100;10261555343;B
20240503;100207;306.9;100;10261555347;S
20240503;100208;306.94;100;10261555388;S
20240503;100208;306.94;100;10261555429;S
20240503;100208;306.95;100;10261555465;B
20240503;100208;306.91;100;10261555466;S
20240503;100208;306.95;100;10261555480;B
20240503;100208;306.91;100;10261555482;S
20240503;100208;306.91;10;10261555487;S
20240503;100208;306.91;20;10261555492;S
20240503;100208;306.95;60;10261555605;B
20240503;100208;306.95;40;10261555606;B
20240503;100208;306.91;100;10261555607;S
20240503;100208;306.95;100;10261555622;B
20240503;100208;306.91;100;10261555623;S
20240503;100209;306.93;100;10261555685;B
20240503;100209;306.91;100;10261555690;S
20240503;100209;306.95;100;10261555699;B
20240503;100209;306.95;100;10261555711;B
20240503;100209;306.91;100;10261555712;S
20240503;100209;306.95;100;10261555721;B
20240503;100209;306.91;100;10261555722;S
20240503;100209;306.95;100;10261555731;B
20240503;100209;306.91;100;10261555732;S
20240503;100209;306.95;60;10261555756;B
20240503;100209;306.95;40;10261555757;B
20240503;100209;306.91;100;10261555758;S
20240503;100209;306.91;70;10261555782;S
20240503;100209;306.9;20;10261555783;S
20240503;100209;306.94;100;10261555870;B
20240503;100209;306.9;100;10261555871;S
20240503;100209;306.9;1500;10261555889;S
20240503;100209;306.9;20;10261555890;S
20240503;100209;306.9;50;10261555891;S
20240503;100209;306.9;1560;10261555892;S
20240503;100209;306.9;10;10261555893;S
20240503;100209;306.9;100;10261555894;S
20240503;100209;306.9;10;10261555895;S
20240503;100209;306.9;260;10261555896;S
20240503;100209;306.93;100;10261555897;B
20240503;100209;306.9;100;10261555898;S
20240503;100209;306.9;300;10261555903;S
20240503;100210;306.93;100;10261555981;S
20240503;100210;306.93;100;10261556022;S
20240503;100210;306.95;100;10261556132;B
20240503;100210;306.9;100;10261556133;S
20240503;100210;306.95;100;10261556177;B
20240503;100210;306.9;100;10261556178;S
20240503;100211;306.95;100;10261556232;B
20240503;100211;306.92;50;10261556235;S
20240503;100211;306.9;50;10261556236;S
20240503;100211;306.95;100;10261556246;B
20240503;100211;306.9;100;10261556259;S
20240503;100211;306.95;100;10261556293;B
20240503;100211;306.9;100;10261556294;S
20240503;100211;306.95;100;10261556349;B
20240503;100211;306.9;100;10261556350;S
20240503;100211;306.95;100;10261556360;B
20240503;100211;306.9;100;10261556361;S
20240503;100211;306.95;100;10261556381;B
20240503;100211;306.9;100;10261556382;S
20240503;100211;306.95;100;10261556396;B
20240503;100211;306.9;100;10261556400;S
20240503;100211;306.95;100;10261556427;B
20240503;100211;306.9;100;10261556429;S
20240503;100211;306.9;90;10261556470;S
20240503;100211;306.9;10;10261556471;S
20240503;100212;306.9;100;10261556484;S
20240503;100212;306.94;20;10261556492;B
20240503;100212;306.95;80;10261556493;B
20240503;100212;306.95;100;10261556509;B
20240503;100212;306.9;100;10261556511;S
20240503;100212;306.95;100;10261556523;B
20240503;100212;306.9;100;10261556525;S
20240503;100212;306.95;920;10261556535;B
20240503;100212;306.95;80;10261556536;B
20240503;100212;306.95;100;10261556539;B
20240503;100212;306.9;100;10261556540;S
20240503;100212;306.95;100;10261556564;B
20240503;100212;306.9;100;10261556566;S
20240503;100212;306.95;100;10261556589;B
20240503;100212;306.9;100;10261556590;S
20240503;100212;306.95;20;10261556633;B
20240503;100212;306.95;80;10261556634;B
20240503;100212;306.9;100;10261556635;S
20240503;100212;306.95;100;10261556661;B
20240503;100212;306.95;100;10261556667;B
20240503;100212;306.9;100;10261556668;S
20240503;100213;306.9;100;10261556717;S
20240503;100213;306.9;100;10261556754;S
20240503;100213;306.91;100;10261556757;S
20240503;100213;306.95;200;10261556770;B
20240503;100213;306.95;300;10261556771;B
20240503;100213;306.95;100;10261556798;B
20240503;100213;306.91;100;10261556801;S
20240503;100213;306.91;300;10261556808;S
20240503;100213;306.95;100;10261556961;B
20240503;100213;306.9;10;10261556962;S
20240503;100213;306.9;90;10261556963;S
20240503;100213;306.95;1100;10261556966;B
20240503;100213;306.95;400;10261556967;B
20240503;100213;306.95;500;10261556968;B
20240503;100213;306.9;900;10261556980;S
20240503;100214;306.9;10;10261557013;S
20240503;100214;306.9;100;10261557046;S
20240503;100214;306.9;100;10261557136;S
20240503;100214;306.9;100;10261557166;S
20240503;100214;306.9;100;10261557189;S
20240503;100214;306.9;600;10261557198;S
20240503;100214;306.9;10;10261557199;S
20240503;100214;306.9;100;10261557215;S
20240503;100214;306.9;100;10261557216;S
20240503;100214;306.9;500;10261557217;S
20240503;100214;306.9;500;10261557224;S
20240503;100214;306.9;100;10261557225;S
20240503;100214;306.9;1000;10261557233;S
20240503;100214;306.91;30;10261557237;B
20240503;100214;306.9;1000;10261557241;S
20240503;100215;306.9;100;10261557251;S
20240503;100215;306.9;1190;10261557275;S
20240503;100215;306.9;1000;10261557276;S
20240503;100215;306.9;1000;10261557277;S
20240503;100215;306.9;710;10261557278;S
20240503;100215;306.9;100;10261557303;S
20240503;100215;306.9;100;10261557376;S
20240503;100215;306.91;10;10261557388;B
20240503;100215;306.9;100;10261557425;S
20240503;100215;306.9;100;10261557462;S
20240503;100215;306.9;100;10261557481;S
20240503;100216;306.9;100;10261557529;S
20240503;100216;306.9;400;10261557530;S
20240503;100216;306.9;180;10261557531;S
20240503;100216;306.9;20;10261557532;S
20240503;100216;306.9;20;10261557561;S
20240503;100216;306.9;60;10261557576;S
20240503;100216;306.9;40;10261557577;S
20240503;100216;306.9;100;10261557680;S
20240503;100216;306.9;100;10261557729;S
20240503;100216;306.9;100;10261557795;S
20240503;100216;306.91;10;10261557866;B
20240503;100216;306.9;100;10261557869;S
20240503;100216;306.9;100;10261557910;S
20240503;100217;306.9;100;10261557928;S
20240503;100217;306.9;100;10261557954;S
20240503;100217;306.9;100;10261558002;S
20240503;100217;306.9;100;10261558033;S
20240503;100217;306.9;60;10261558062;S
20240503;100217;306.9;40;10261558063;S
20240503;100217;306.9;60;10261558119;S
20240503;100217;306.9;40;10261558120;S
20240503;100217;306.9;60;10261558135;S
20240503;100217;306.9;10;10261558136;S
20240503;100217;306.9;30;10261558137;S
20240503;100217;306.9;70;10261558158;S
20240503;100217;306.9;30;10261558159;S
20240503;100218;306.9;70;10261558209;S
20240503;100218;306.9;30;10261558210;S
20240503;100218;306.9;70;10261558268;S
20240503;100218;306.9;30;10261558269;S
20240503;100218;306.9;70;10261558278;S
20240503;100218;306.9;30;10261558279;S
20240503;100218;306.9;70;10261558298;S
20240503;100218;306.9;30;10261558299;S
20240503;100218;306.9;70;10261558309;S
20240503;100218;306.9;30;10261558310;S
20240503;100218;306.9;70;10261558320;S
20240503;100218;306.9;30;10261558321;S
20240503;100218;306.9;100;10261558335;S
20240503;100218;306.9;100;10261558354;S
20240503;100219;306.9;100;10261558392;S
20240503;100219;306.91;30;10261558410;B
20240503;100219;306.91;220;10261558427;B
20240503;100219;306.91;30;10261558428;B
20240503;100219;306.91;100;10261558431;B
20240503;100219;306.9;100;10261558432;S
20240503;100219;306.91;100;10261558442;B
20240503;100219;306.9;100;10261558444;S
20240503;100219;306.91;100;10261558456;B
20240503;100219;306.9;100;10261558513;S
20240503;100219;306.91;70;10261558553;B
20240503;100219;306.91;30;10261558554;B
20240503;100219;306.9;100;10261558562;S
20240503;100220;306.9;100;10261558576;S
20240503;100220;306.91;100;10261558577;B
20240503;100220;306.9;50;10261558592;S
20240503;100220;306.91;100;10261558629;B
20240503;100220;306.9;50;10261558631;S
20240503;100220;306.9;70;10261558632;S
20240503;100220;306.9;30;10261558633;S
20240503;100220;306.91;100;10261558654;B
20240503;100220;306.9;70;10261558657;S
20240503;100220;306.9;30;10261558658;S
20240503;100220;306.91;100;10261558664;B
20240503;100220;306.9;50;10261558665;S
20240503;100220;306.9;20;10261558666;S
20240503;100220;306.9;80;10261558667;S
20240503;100220;306.91;30;10261558681;B
20240503;100220;306.91;770;10261558682;B
20240503;100220;306.91;100;10261558684;B
20240503;100220;306.9;20;10261558687;S
20240503;100220;306.9;80;10261558688;S
20240503;100220;306.91;200;10261558697;B
20240503;100220;306.9;20;10261558703;S
20240503;100220;306.9;30;10261558704;S
20240503;100220;306.9;50;10261558727;S
20240503;100221;306.9;50;10261558769;S
20240503;100221;306.9;100;10261558790;S
20240503;100221;306.9;50;10261558798;S
20240503;100221;306.91;390;10261558813;B
20240503;100221;306.91;100;10261558814;B
20240503;100221;306.91;500;10261558815;B
20240503;100221;306.91;400;10261558816;B
20240503;100221;306.91;50;10261558817;B
20240503;100221;306.91;460;10261558818;B
20240503;100221;306.91;870;10261558819;B
20240503;100221;306.92;460;10261558820;B
20240503;100221;306.93;460;10261558821;B
20240503;100221;306.94;310;10261558822;B
20240503;100221;306.95;100;10261558824;B
20240503;100221;306.95;100;10261558828;B
20240503;100221;306.95;100;10261558830;B
20240503;100221;306.95;100;10261558831;B
20240503;100221;306.95;60;10261558832;B
20240503;100221;306.95;40;10261558833;B
20240503;100221;306.95;100;10261558834;B
20240503;100221;306.95;100;10261558835;B
20240503;100221;306.95;100;10261558836;B
20240503;100221;306.95;100;10261558837;B
20240503;100221;306.95;320;10261558838;B
20240503;100221;306.95;100;10261558839;B
20240503;100221;306.91;100;10261558842;S
20240503;100221;306.91;50;10261558843;S
20240503;100221;306.91;50;10261558857;S
20240503;100221;306.91;20;10261558858;S
20240503;100221;306.91;50;10261558890;S
20240503;100221;306.91;30;10261558917;S
20240503;100221;306.9;70;10261558918;S
20240503;100221;306.9;30;10261558921;S
20240503;100221;306.9;470;10261558922;S
20240503;100221;306.9;50;10261558937;S
20240503;100222;306.9;100;10261558954;S
20240503;100222;306.9;50;10261558955;S
20240503;100222;306.9;50;10261558976;S
20240503;100222;306.9;100;10261558977;S
20240503;100222;306.9;100;10261558985;S
20240503;100222;306.9;50;10261558989;S
20240503;100222;306.9;90;10261559007;S
20240503;100222;306.9;10;10261559008;S
20240503;100222;306.9;50;10261559013;S
20240503;100222;306.9;30000;10261559025;S
20240503;100222;306.9;50;10261559029;S
20240503;100222;306.9;50;10261559057;S
20240503;100222;306.9;100;10261559073;S
20240503;100222;306.9;690;10261559083;S
20240503;100222;306.9;210;10261559084;S
20240503;100223;306.9;1100;10261559086;S
20240503;100223;306.9;1100;10261559087;S
20240503;100223;306.9;900;10261559089;S
20240503;100223;306.9;900;10261559090;S
20240503;100223;306.9;1100;10261559094;S
20240503;100223;306.9;1100;10261559095;S
20240503;100223;306.9;1100;10261559097;S
20240503;100223;306.9;330;10261559098;S
20240503;100223;306.9;200;10261559099;S
20240503;100223;306.9;570;10261559100;S
20240503;100223;306.9;400;10261559101;S
20240503;100223;306.9;50;10261559106;S
20240503;100223;306.9;1000;10261559107;S
20240503;100223;306.9;1000;10261559108;S
20240503;100223;306.9;900;10261559115;S
20240503;100223;306.9;100;10261559116;S
20240503;100223;306.9;50;10261559128;S
20240503;100223;306.9;50;10261559141;S
20240503;100223;306.91;20;10261559158;B
20240503;100223;306.9;100;10261559160;S
20240503;100223;306.9;100;10261559167;S
20240503;100223;306.91;100;10261559190;B
20240503;100223;306.9;100;10261559191;S
20240503;100223;306.9;100;10261559192;S
20240503;100224;306.9;100;10261559229;S
20240503;100224;306.91;100;10261559238;B
20240503;100224;306.9;100;10261559239;S
20240503;100224;306.91;100;10261559261;B
20240503;100224;306.9;100;10261559262;S
20240503;100224;306.91;100;10261559272;B
20240503;100224;306.9;100;10261559273;S
20240503;100224;306.91;10;10261559293;B
20240503;100224;306.91;10;10261559313;B
20240503;100224;306.9;100;10261559338;S
20240503;100224;306.9;200;10261559384;S
20240503;100224;306.9;100;10261559392;S
20240503;100225;306.91;100;10261559413;B
20240503;100225;306.9;100;10261559415;S
20240503;100225;306.9;10;10261559474;S
20240503;100225;306.9;100;10261559518;S
20240503;100225;306.91;40;10261559558;B
20240503;100225;306.91;400;10261559559;B
20240503;100225;306.91;60;10261559560;B
20240503;100225;306.91;100;10261559574;B
20240503;100225;306.9;100;10261559575;S
20240503;100225;306.9;200;10261559607;S
20240503;100226;306.9;100;10261559753;S
20240503;100226;306.91;50;10261559838;B
20240503;100226;306.9;20;10261559839;S
20240503;100226;306.91;10;10261559928;B
20240503;100227;306.9;50;10261559950;S
20240503;100227;306.9;150;10261559951;S
20240503;100227;306.91;10;10261560001;B
20240503;100227;306.9;200;10261560026;S
20240503;100227;306.91;750;10261560147;B
20240503;100227;306.91;150;10261560148;B
20240503;100227;306.91;200;10261560149;B
20240503;100227;306.91;200;10261560154;B
20240503;100227;306.91;1000;10261560155;B
20240503;100227;306.91;200;10261560169;B
20240503;100227;306.91;100;10261560174;B
20240503;100227;306.91;100;10261560175;B
20240503;100228;306.94;50;10261560269;S
20240503;100228;306.95;110;10261560360;B
20240503;100228;306.97;70;10261560362;B
20240503;100228;306.98;1000;10261560369;B
20240503;100228;306.97;50;10261560386;S
20240503;100229;306.98;100;10261560390;B
20240503;100229;306.98;80;10261560391;B
20240503;100229;306.98;100;10261560392;B
20240503;100229;306.98;100;10261560393;B
20240503;100229;306.98;100;10261560394;B
20240503;100229;306.98;20;10261560395;B
20240503;100229;306.98;80;10261560396;B
20240503;100229;306.98;100;10261560397;B
20240503;100229;306.98;100;10261560401;B
20240503;100229;306.98;600;10261560402;B
20240503;100229;306.98;300;10261560403;B
20240503;100229;306.98;100;10261560437;B
20240503;100229;306.98;10;10261560480;B
20240503;100229;306.97;100;10261560481;S
20240503;100229;306.97;10;10261560482;S
20240503;100229;306.98;900;10261560631;B
20240503;100230;306.98;500;10261560690;B
20240503;100230;306.98;500;10261560727;B
20240503;100230;306.98;200;10261560728;B
20240503;100231;306.98;100;10261560749;B
20240503;100231;306.98;160;10261560751;B
20240503;100231;306.98;100;10261560755;B
20240503;100231;306.98;200;10261560756;B
20240503;100231;306.98;100;10261560770;B
20240503;100231;306.98;100;10261560779;B
20240503;100231;306.98;100;10261560784;B
20240503;100231;306.98;70;10261560807;B
20240503;100231;306.98;500;10261560819;B
20240503;100231;306.98;200;10261560820;B
20240503;100231;306.98;100;10261560823;B
20240503;100231;306.98;100;10261560824;B
20240503;100231;306.98;1000;10261560825;B
20240503;100232;306.98;1000;10261560904;B
20240503;100232;306.97;100;10261560930;S
20240503;100232;306.98;800;10261560977;B
20240503;100232;306.98;200;10261560978;B
20240503;100232;306.98;100;10261561021;B
20240503;100233;306.98;10;10261561148;B
20240503;100234;306.98;100;10261561244;B
20240503;100234;306.98;200;10261561245;B
20240503;100234;306.98;3070;10261561260;B
20240503;100234;306.98;30;10261561278;B
20240503;100234;306.99;100;10261561279;B
20240503;100234;307;890;10261561280;B
20240503;100234;307;1000;10261561281;B
20240503;100234;307;10;10261561299;B
20240503;100235;307;50;10261561419;B
20240503;100235;307;10;10261561450;B
20240503;100236;307;20;10261561550;B
20240503;100236;307;1000;10261561556;B
20240503;100236;307;150;10261561607;B
20240503;100237;307;1000;10261561810;B
20240503;100238;307;10;10261561919;B
20240503;100238;306.99;10;10261561922;S
20240503;100238;307;30;10261561950;B
20240503;100238;307;10;10261561952;B
20240503;100239;307;70;10261562005;B
20240503;100242;307;10;10261562323;B
20240503;100244;307;10;10261562654;B
20240503;100245;307;10;10261562738;B
20240503;100245;306.99;60;10261562792;S
20240503;100248;307;50;10261563293;B
20240503;100248;306.99;10;10261563359;S
20240503;100249;307;670;10261563428;B
20240503;100249;307;200;10261563429;B
20240503;100249;307;10;10261563430;B
20240503;100249;307;120;10261563431;B
20240503;100250;307;30;10261563519;B
20240503;100251;307;20;10261563675;B
20240503;100253;307;10;10261563939;B
20240503;100253;307;10;10261563940;B
20240503;100253;307;10;10261563941;B
20240503;100253;307;10;10261563942;B
20240503;100253;307;10;10261563943;B
20240503;100253;307;10;10261563964;B
20240503;100254;307;40;10261564030;B
20240503;100254;307;10;10261564031;B
20240503;100254;307;1420;10261564050;B
20240503;100254;307;1650;10261564051;B
20240503;100254;307.08;200;10261564052;B
20240503;100254;307.07;400;10261564061;S
20240503;100254;307.06;500;10261564062;S
20240503;100254;307.06;400;10261564063;S
20240503;100255;307.07;400;10261564125;B
20240503;100255;307.07;230;10261564126;B
20240503;100255;307.05;500;10261564127;S
20240503;100255;307.05;10;10261564128;S
20240503;100255;307.05;30;10261564129;S
20240503;100255;307.04;30;10261564172;S
20240503;100255;307.04;300;10261564237;S
20240503;100255;307.04;50;10261564238;S
20240503;100257;307.05;360;10261564424;B
20240503;100257;307.05;220;10261564425;B
20240503;100257;307.06;400;10261564447;S
20240503;100257;307.05;500;10261564448;S
20240503;100257;307.07;800;10261564449;S
20240503;100257;307.07;100;10261564450;S
20240503;100257;307.07;500;10261564564;B
20240503;100257;307.07;300;10261564565;B
20240503;100257;307.07;100;10261564581;B
20240503;100258;307.1;170;10261564598;B
20240503;100258;307.1;110;10261564599;B
20240503;100258;307.1;520;10261564600;B
20240503;100258;307.11;50;10261564629;B
20240503;100258;307.11;750;10261564630;B
20240503;100258;307.11;100;10261564631;B
20240503;100258;307.11;500;10261564632;B
20240503;100258;307.12;100;10261564634;B
20240503;100258;307.09;10;10261564706;S
20240503;100258;307.09;220;10261564707;S
20240503;100258;307.12;250;10261564720;B
20240503;100258;307.12;550;10261564721;B
20240503;100259;307.14;400;10261564787;B
20240503;100300;307.19;200;10261565080;B
20240503;100300;307.19;40;10261565081;B
20240503;100300;307.19;200;10261565114;B
20240503;100300;307.19;200;10261565166;B
20240503;100300;307.17;100;10261565181;S
20240503;100300;307.19;200;10261565187;B
20240503;100303;307.19;200;10261565576;B
20240503;100303;307.19;10;10261565594;B
20240503;100303;307.19;10;10261565709;B
20240503;100304;307.19;1580;10261565858;B
20240503;100304;307.19;2500;10261565859;B
20240503;100304;307.19;400;10261565860;B
20240503;100304;307.2;100;10261565862;B
20240503;100304;307.2;600;10261565863;B
20240503;100304;307.2;300;10261565864;B
20240503;100304;307.22;10;10261565872;B
20240503;100304;307.21;100;10261565876;S
20240503;100305;307.21;230;10261565933;S
20240503;100305;307.21;620;10261565934;S
20240503;100305;307.21;250;10261565935;S
20240503;100305;307.21;100;10261565936;S
20240503;100305;307.21;50;10261565937;S
20240503;100305;307.21;330;10261565938;S
20240503;100305;307.21;20;10261565951;B
20240503;100305;307.21;980;10261565952;B
20240503;100305;307.21;20;10261566059;S
20240503;100306;307.21;20;10261566396;S
20240503;100308;307.22;40;10261566595;B
20240503;100308;307.22;960;10261566596;B
20240503;100308;307.22;200;10261566597;B
20240503;100308;307.22;10;10261566617;B
20240503;100308;307.22;10;10261566618;B
20240503;100308;307.22;10;10261566619;B
20240503;100308;307.22;10;10261566620;B
20240503;100308;307.22;10;10261566621;B
20240503;100308;307.22;10;10261566622;B
20240503;100308;307.22;10;10261566623;B
20240503;100310;307.22;30;10261566860;S
20240503;100310;307.22;70;10261566861;S
20240503;100310;307.22;10;10261566886;S
20240503;100310;307.23;10;10261566888;B
20240503;100310;307.23;10;10261567041;B
20240503;100310;307.23;30;10261567067;B
20240503;100310;307.23;10;10261567068;B
20240503;100310;307.23;10;10261567069;B
20240503;100310;307.23;10;10261567070;B
20240503;100310;307.23;10;10261567071;B
20240503;100310;307.23;10;10261567072;B
20240503;100310;307.23;10;10261567073;B
20240503;100310;307.23;10;10261567074;B
20240503;100310;307.24;50;10261567075;B
20240503;100310;307.25;50;10261567076;B
20240503;100310;307.26;50;10261567077;B
20240503;100310;307.26;50;10261567078;B
20240503;100310;307.27;220;10261567079;B
20240503;100310;307.27;1000;10261567080;B
20240503;100310;307.27;100;10261567081;B
20240503;100310;307.23;10;10261567082;S
20240503;100310;307.27;680;10261567083;B
20240503;100310;307.27;50;10261567084;B
20240503;100310;307.27;50;10261567085;B
20240503;100311;307.28;50;10261567105;B
20240503;100311;307.28;50;10261567106;B
20240503;100311;307.28;300;10261567107;B
20240503;100311;307.29;50;10261567161;B
20240503;100311;307.29;50;10261567257;B
20240503;100311;307.29;2000;10261567258;B
20240503;100311;307.29;10;10261567259;B
20240503;100311;307.29;10;10261567260;B
20240503;100311;307.29;1630;10261567261;B
20240503;100312;307.29;100;10261567321;B
20240503;100312;307.29;600;10261567323;B
20240503;100312;307.29;120;10261567324;B
20240503;100312;307.29;50;10261567325;B
20240503;100312;307.29;950;10261567326;B
20240503;100312;307.29;100;10261567334;B
20240503;100312;307.28;10;10261567341;S
20240503;100312;307.28;890;10261567455;S
20240503;100312;307.26;620;10261567456;S
20240503;100312;307.26;400;10261567457;S
20240503;100312;307.23;980;10261567458;S
20240503;100312;307.23;510;10261567459;S
20240503;100312;307.23;1600;10261567460;B
20240503;100312;307.29;950;10261567461;B
20240503;100312;307.3;30;10261567462;B
20240503;100312;307.3;10;10261567463;B
20240503;100312;307.3;80;10261567464;B
20240503;100312;307.3;50;10261567465;B
20240503;100312;307.3;50;10261567466;B
20240503;100312;307.31;50;10261567467;B
20240503;100312;307.31;50;10261567468;B
20240503;100312;307.31;2000;10261567469;B
20240503;100312;307.31;130;10261567470;B
20240503;100312;307.25;900;10261567498;B
20240503;100312;307.25;100;10261567525;B
20240503;100313;307.24;10;10261567568;B
20240503;100313;307.25;890;10261567569;B
20240503;100313;307.24;10;10261567576;S
20240503;100313;307.25;100;10261567614;B
20240503;100313;307.25;10;10261567699;B
20240503;100314;307.25;500;10261567843;B
20240503;100314;307.25;500;10261567852;B
20240503;100314;307.25;10;10261567859;B
20240503;100314;307.25;10;10261567860;B
20240503;100314;307.25;10;10261567861;B
20240503;100314;307.25;10;10261567862;B
20240503;100314;307.3;1000;10261567864;B
20240503;100314;307.3;460;10261567865;B
20240503;100314;307.25;10;10261567877;S
20240503;100314;307.3;500;10261567878;B
20240503;100314;307.3;40;10261567880;B
20240503;100314;307.3;460;10261567881;B
20240503;100314;307.3;10;10261567882;B
20240503;100314;307.3;400;10261567894;B
20240503;100314;307.3;100;10261567898;B
20240503;100315;307.28;10;10261567933;B
20240503;100315;307.29;10;10261567934;B
20240503;100315;307.3;70;10261567935;B
20240503;100315;307.3;600;10261568001;B
20240503;100316;307.27;10;10261568163;B
20240503;100316;307.28;10;10261568164;B
20240503;100316;307.29;10;10261568165;B
20240503;100316;307.3;970;10261568166;B
20240503;100316;307.3;260;10261568283;B
20240503;100316;307.31;30;10261568284;B
20240503;100316;307.32;50;10261568285;B
20240503;100316;307.32;50;10261568286;B
20240503;100316;307.33;70;10261568287;B
20240503;100317;307.28;200;10261568461;S
20240503;100318;307.3;10;10261568518;B
20240503;100318;307.28;200;10261568541;S
20240503;100318;307.29;200;10261568550;S
20240503;100318;307.29;200;10261568580;S
20240503;100319;307.28;20;10261568678;S
20240503;100319;307.31;10;10261568745;B
20240503;100320;307.3;160;10261568796;B
20240503;100321;307.3;10;10261568950;B
20240503;100321;307.3;10;10261568951;B
20240503;100321;307.31;500;10261568952;B
20240503;100321;307.32;10;10261568953;B
20240503;100321;307.32;50;10261568954;B
20240503;100321;307.33;50;10261568955;B
20240503;100321;307.33;50;10261568956;B
20240503;100321;307.33;320;10261568957;B
20240503;100321;307.29;1820;10261568976;S
20240503;100321;307.29;400;10261568977;S
20240503;100321;307.27;1500;10261568978;S
20240503;100321;307.25;460;10261568979;S
20240503;100321;307.25;10;10261568980;S
20240503;100321;307.25;330;10261568981;S
20240503;100321;307.24;460;10261568982;S
20240503;100321;307.24;20;10261568983;S
20240503;100321;307.3;90;10261569002;B
20240503;100322;307.24;40;10261569096;S
20240503;100322;307.24;10;10261569167;S
20240503;100323;307.26;10;10261569235;B
20240503;100323;307.27;10;10261569236;B
20240503;100323;307.28;40;10261569263;B
20240503;100323;307.28;10;10261569366;B
20240503;100323;307.28;400;10261569367;B
20240503;100323;307.29;10;10261569368;B
20240503;100323;307.31;10;10261569369;B
20240503;100323;307.32;70;10261569370;B
20240503;100323;307.31;80;10261569371;B
20240503;100324;307.29;20;10261569449;B
20240503;100324;307.28;10;10261569490;B
20240503;100325;307.28;970;10261569573;B
20240503;100325;307.29;30;10261569574;B
20240503;100325;307.3;10;10261569577;B
20240503;100325;307.27;10;10261569631;B
20240503;100325;307.29;20;10261569673;B
20240503;100327;307.29;380;10261569871;B
20240503;100327;307.3;490;10261569872;B
20240503;100327;307.3;510;10261569873;B
20240503;100327;307.3;880;10261569874;B
20240503;100327;307.3;2000;10261569875;B
20240503;100327;307.3;1740;10261569876;B
20240503;100328;307.3;10;10261570075;B
20240503;100328;307.27;20;10261570117;S
20240503;100328;307.3;250;10261570156;B
20240503;100328;307.3;50;10261570157;B
20240503;100329;307.31;100;10261570198;B
20240503;100329;307.31;280;10261570199;B
20240503;100329;307.31;400;10261570200;B
20240503;100329;307.31;220;10261570201;B
20240503;100329;307.3;130;10261570273;S
20240503;100330;307.3;370;10261570347;S
20240503;100330;307.26;40;10261570351;S
20240503;100331;307.26;960;10261570507;S
20240503;100331;307.23;40;10261570508;S
20240503;100331;307.28;10;10261570545;B
20240503;100332;307.28;10;10261570653;B
20240503;100332;307.28;30;10261570830;B
20240503;100333;307.28;20;10261570853;B
20240503;100333;307.28;40;10261570945;B
20240503;100333;307.28;20;10261570979;B
20240503;100335;307.23;20;10261571175;S
20240503;100335;307.28;20;10261571188;B
20240503;100335;307.28;10;10261571213;B
20240503;100335;307.28;240;10261571251;B
20240503;100337;307.29;330;10261571524;B
20240503;100337;307.29;400;10261571525;B
20240503;100337;307.3;260;10261571526;B
20240503;100337;307.29;100;10261571606;B
20240503;100338;307.29;100;10261571713;B
20240503;100339;307.29;300;10261571804;B
20240503;100339;307.3;700;10261571805;B
20240503;100339;307.3;20;10261571841;B
20240503;100339;307.3;50;10261571928;B
20240503;100340;307.28;390;10261572126;S
20240503;100340;307.28;10;10261572127;S
20240503;100344;307.3;10;10261572789;B
20240503;100345;307.3;1000;10261572910;B
20240503;100345;307.28;10;10261572912;S
20240503;100350;307.29;300;10261573649;S
20240503;100350;307.28;30;10261573653;S
20240503;100351;307.29;10;10261573738;B
20240503;100351;307.29;10;10261573804;B
20240503;100354;307.28;10;10261574159;S
20240503;100354;307.29;10;10261574199;B
20240503;100356;307.29;370;10261574472;B
20240503;100356;307.29;460;10261574473;B
20240503;100356;307.29;280;10261574474;B
20240503;100359;307.28;30;10261574921;S
20240503;100359;307.28;10;10261574967;S
20240503;100401;307.28;30;10261575271;S
20240503;100401;307.28;20;10261575304;S
20240503;100401;307.29;10;10261575415;B
20240503;100403;307.28;220;10261575668;S
20240503;100403;307.28;10;10261575669;S
20240503;100403;307.23;40;10261575685;S
20240503;100403;307.21;200;10261575686;S
20240503;100403;307.21;20;10261575687;S
20240503;100403;307.2;120;10261575688;S
20240503;100403;307.19;220;10261575689;S
20240503;100403;307.19;10;10261575690;S
20240503;100403;307.19;300;10261575691;S
20240503;100403;307.19;300;10261575692;S
20240503;100404;307.2;110;10261575820;B
20240503;100404;307.2;30;10261575839;B
20240503;100404;307.2;20;10261575844;B
20240503;100406;307.2;10;10261576160;B
20240503;100407;307.19;10;10261576202;S
20240503;100408;307.2;100;10261576327;B
20240503;100409;307.19;1100;10261576391;S
20240503;100409;307.19;400;10261576394;S
20240503;100409;307.19;700;10261576395;S
20240503;100409;307.19;900;10261576396;S
20240503;100409;307.19;200;10261576397;S
20240503;100409;307.19;900;10261576398;S
20240503;100409;307.19;600;10261576399;S
20240503;100409;307.19;500;10261576400;S
20240503;100409;307.19;900;10261576401;S
20240503;100409;307.19;100;10261576402;S
20240503;100409;307.19;200;10261576403;S
20240503;100409;307.19;800;10261576404;S
20240503;100409;307.19;400;10261576419;S
20240503;100409;307.19;100;10261576420;S
20240503;100409;307.19;200;10261576508;S
20240503;100409;307.19;100;10261576509;S
20240503;100409;307.2;10;10261576531;B
20240503;100409;307.2;870;10261576564;B
20240503;100409;307.2;510;10261576565;B
20240503;100409;307.2;980;10261576566;B
20240503;100409;307.2;50;10261576567;B
20240503;100409;307.2;330;10261576568;B
20240503;100409;307.2;460;10261576569;B
20240503;100409;307.2;60;10261576570;B
20240503;100410;307.19;300;10261576636;S
20240503;100410;307.19;1100;10261576637;S
20240503;100410;307.19;200;10261576638;S
20240503;100410;307.19;100;10261576639;S
20240503;100410;307.19;100;10261576643;S
20240503;100411;307.2;180;10261576785;B
20240503;100411;307.2;990;10261576797;B
20240503;100411;307.19;100;10261576811;S
20240503;100412;307.2;10;10261576880;B
20240503;100413;307.19;110;10261577004;S
20240503;100414;307.2;100;10261577172;B
20240503;100414;307.2;10;10261577261;B
20240503;100417;307.19;500;10261577732;S
20240503;100417;307.2;10;10261577738;B
20240503;100419;307.2;10;10261578056;B
20240503;100421;307.19;2000;10261578241;S
20240503;100421;307.19;10;10261578242;S
20240503;100421;307.19;50;10261578243;S
20240503;100421;307.19;600;10261578244;S
20240503;100421;307.19;100;10261578245;S
20240503;100421;307.19;220;10261578246;S
20240503;100421;307.16;50;10261578333;B
20240503;100424;307.15;100;10261578947;S
20240503;100425;307.16;10;10261579028;B
20240503;100425;307.16;220;10261579065;B
20240503;100426;307.16;10;10261579137;B
20240503;100428;307.16;30;10261579486;B
20240503;100428;307.16;1680;10261579528;B
20240503;100428;307.16;1320;10261579529;B
20240503;100428;307.16;10;10261579533;B
20240503;100430;307.15;10;10261579773;S
20240503;100431;307.15;1000;10261579843;S
20240503;100431;307.15;10;10261579892;S
20240503;100431;307.15;60;10261579927;S
20240503;100433;307.16;90;10261580230;B
20240503;100434;307.16;100;10261580349;B
20240503;100435;307.16;20;10261580476;B
20240503;100435;307.16;300;10261580612;B
20240503;100437;307.15;1320;10261580791;S
20240503;100437;307.15;680;10261580792;S
20240503;100437;307.15;10;10261580843;S
20240503;100437;307.16;2350;10261580873;B
20240503;100438;307.16;150;10261580888;B
20240503;100438;307.16;850;10261580889;B
20240503;100438;307.16;10;10261580902;B
20240503;100444;307.18;1000;10261581795;B
20240503;100444;307.18;1000;10261581798;B
20240503;100444;307.19;50;10261581888;B
20240503;100444;307.19;250;10261581889;B
20240503;100444;307.19;300;10261581891;B
20240503;100445;307.2;500;10261582042;B
20240503;100445;307.2;500;10261582043;B
20240503;100445;307.19;330;10261582073;S
20240503;100445;307.19;400;10261582074;S
20240503;100445;307.19;750;10261582075;S
20240503;100446;307.2;10;10261582317;B
20240503;100447;307.19;20;10261582389;S
20240503;100449;307.19;280;10261582689;S
20240503;100449;307.19;400;10261582690;S
20240503;100449;307.18;20;10261582691;S
20240503;100449;307.2;20;10261582837;B
20240503;100449;307.2;100;10261582838;B
20240503;100449;307.2;280;10261582839;B
20240503;100449;307.2;300;10261582841;B
20240503;100449;307.28;90;10261582843;B
20240503;100449;307.28;370;10261582844;B
20240503;100449;307.28;610;10261582845;B
20240503;100449;307.28;100;10261582846;B
20240503;100450;307.28;1000;10261582926;B
20240503;100453;307.27;10;10261583501;B
20240503;100454;307.27;10;10261583554;B
20240503;100455;307.27;100;10261583766;B
20240503;100456;307.27;20;10261583973;B
20240503;100457;307.27;10;10261584093;B
20240503;100457;307.27;20;10261584114;B
20240503;100458;307.27;10;10261584166;B
20240503;100458;307.27;20;10261584196;B
20240503;100459;307.29;10;10261584307;B
20240503;100500;307.28;10;10261584482;S
20240503;100500;307.29;10;10261584572;B
20240503;100502;307.29;30;10261584840;B
20240503;100502;307.29;20;10261584841;B
20240503;100502;307.29;150;10261584842;B
20240503;100502;307.28;90;10261584872;S
20240503;100502;307.27;30;10261584873;S
20240503;100502;307.26;310;10261584874;S
20240503;100502;307.26;10;10261584875;S
20240503;100502;307.24;400;10261584876;S
20240503;100502;307.23;330;10261584877;S
20240503;100502;307.23;510;10261584878;S
20240503;100502;307.23;320;10261584879;S
20240503;100504;307.27;100;10261585163;B
20240503;100504;307.27;400;10261585171;B
20240503;100506;307.27;10;10261585467;B
20240503;100507;307.27;70;10261585527;B
20240503;100511;307.24;400;10261586018;S
20240503;100511;307.24;10;10261586019;S
20240503;100511;307.23;660;10261586020;S
20240503;100511;307.23;330;10261586021;S
20240503;100511;307.23;510;10261586022;S
20240503;100511;307.22;90;10261586023;S
20240503;100514;307.26;30;10261586799;B
20240503;100516;307.26;160;10261587058;B
20240503;100517;307.26;90;10261587198;B
20240503;100518;307.26;100;10261587302;B
20240503;100518;307.25;600;10261587303;S
20240503;100518;307.26;10;10261587309;B
20240503;100518;307.26;10;10261587466;B
20240503;100518;307.26;100;10261587476;B
20240503;100519;307.26;100;10261587540;B
20240503;100520;307.26;100;10261587620;B
20240503;100520;307.26;100;10261587684;B
20240503;100521;307.25;310;10261587771;S
20240503;100521;307.25;690;10261587772;S
20240503;100521;307.26;100;10261587773;B
20240503;100522;307.25;10;10261588013;B
20240503;100523;307.24;10;10261588086;S
20240503;100523;307.23;160;10261588087;S
20240503;100523;307.21;880;10261588088;S
20240503;100523;307.2;110;10261588089;S
