<DATE>;<TIME>;<LAST>;<VOL>;<ID>;<OPER>
20240122;095956;274.86;30;9449721213;B
20240122;095956;274.86;10;9449721214;B
20240122;095956;274.86;40;9449721215;S
20240122;095956;274.86;30;9449721216;S
20240122;095956;274.86;20;9449721217;S
20240122;095956;274.86;90;9449721218;S
20240122;095956;274.86;10;9449721219;S
20240122;095956;274.86;10;9449721220;S
20240122;095956;274.86;20;9449721221;S
20240122;095956;274.86;10;9449721222;S
20240122;095956;274.86;10;9449721223;S
20240122;095956;274.86;10;9449721224;S
20240122;095956;274.86;40;9449721225;S
20240122;095956;274.86;10;9449721226;S
20240122;095956;274.86;20;9449721227;S
20240122;095956;274.86;10;9449721228;S
20240122;095956;274.86;20;9449721229;S
20240122;095956;274.86;10;9449721230;S
20240122;095956;274.86;340;9449721231;S
20240122;095956;274.86;670;9449721232;S
20240122;095956;274.86;10;9449721233;S
20240122;095956;274.86;50;9449721234;S
20240122;095956;274.86;190;9449721235;S
20240122;095956;274.86;40;9449721236;S
20240122;095956;274.86;10;9449721237;S
20240122;095956;274.86;20;9449721238;S
20240122;095956;274.86;10;9449721239;S
20240122;095956;274.86;40;9449721240;S
20240122;095956;274.86;10;9449721241;S
20240122;095956;274.86;10;9449721242;S
20240122;095956;274.86;130;9449721243;S
20240122;095956;274.86;40;9449721244;S
20240122;095956;274.86;10;9449721245;S
20240122;095956;274.86;10;9449721246;S
20240122;095956;274.86;10;9449721247;S
20240122;095956;274.86;1970;9449721248;S
20240122;095956;274.86;220;9449721249;S
20240122;095956;274.86;10;9449721250;S
20240122;095956;274.86;10;9449721251;S
20240122;095956;274.86;10;9449721252;S
20240122;095956;274.86;20;9449721253;S
20240122;095956;274.86;20;9449721254;S
20240122;095956;274.86;10;9449721255;S
20240122;095956;274.86;360;9449721256;S
20240122;095956;274.86;10;9449721257;S
20240122;095956;274.86;150;9449721258;S
20240122;095956;274.86;10;9449721259;S
20240122;095956;274.86;10;9449721260;S
20240122;095956;274.86;1010;9449721261;S
20240122;095956;274.86;10;9449721262;S
20240122;095956;274.86;670;9449721263;S
20240122;095956;274.86;20;9449721264;S
20240122;095956;274.86;10;9449721265;S
20240122;095956;274.86;40;9449721266;S
20240122;095956;274.86;10;9449721267;S
20240122;095956;274.86;50;9449721268;S
20240122;095956;274.86;220;9449721269;S
20240122;095956;274.86;80;9449721270;S
20240122;095956;274.86;10;9449721271;S
20240122;095956;274.86;10;9449721272;S
20240122;095956;274.86;20;9449721273;S
20240122;095956;274.86;30;9449721274;S
20240122;095956;274.86;220;9449721275;S
20240122;095956;274.86;10;9449721276;S
20240122;095956;274.86;30;9449721277;S
20240122;095956;274.86;10;9449721278;S
20240122;095956;274.86;80;9449721279;S
20240122;095956;274.86;100;9449721280;S
20240122;095956;274.86;180;9449721281;S
20240122;095956;274.86;10;9449721282;B
20240122;095956;274.86;200;9449721283;B
20240122;095956;274.86;100;9449721284;S
20240122;095956;274.86;200;9449721285;S
20240122;095956;274.86;50;9449721286;S
20240122;095956;274.86;380;9449721287;S
20240122;095956;274.86;10;9449721288;S
20240122;095956;274.86;40;9449721289;S
20240122;095956;274.86;300;9449721290;S
20240122;095956;274.86;70;9449721291;S
20240122;095956;274.86;40;9449721292;S
20240122;095956;274.86;80;9449721293;S
20240122;095956;274.86;10;9449721294;S
20240122;095956;274.86;170;9449721295;S
20240122;095956;274.86;10;9449721296;S
20240122;095956;274.86;10;9449721297;B
20240122;095956;274.86;10;9449721298;B
20240122;095956;274.86;60;9449721299;B
20240122;095956;274.86;920;9449721300;S
20240122;095956;274.86;20;9449721301;S
20240122;095956;274.86;190;9449721302;B
20240122;095956;274.86;1000;9449721303;B
20240122;095956;274.86;10;9449721304;B
20240122;095956;274.86;10;9449721305;B
20240122;095956;274.86;500;9449721306;B
20240122;095956;274.86;10;9449721307;B
20240122;095956;274.86;6340;9449721308;B
20240122;095956;274.86;100;9449721309;B
20240122;095956;274.86;10;9449721310;B
20240122;095956;274.86;300;9449721311;B
20240122;095956;274.86;1250;9449721312;B
20240122;095956;274.86;50;9449721313;S
20240122;095956;274.86;20;9449721314;B
20240122;095956;274.86;20;9449721315;S
20240122;095956;274.86;10;9449721316;S
20240122;095956;274.86;10;9449721317;S
20240122;095956;274.86;10;9449721318;S
20240122;095956;274.86;20;9449721319;S
20240122;095956;274.86;10;9449721320;S
20240122;095956;274.86;10;9449721321;S
20240122;095956;274.86;60;9449721322;S
20240122;095956;274.86;10;9449721323;S
20240122;095956;274.86;40;9449721324;S
20240122;095956;274.86;10;9449721325;S
20240122;095956;274.86;10;9449721326;S
20240122;095956;274.86;30;9449721327;S
20240122;095956;274.86;40;9449721328;S
20240122;095956;274.86;10;9449721329;S
20240122;095956;274.86;10;9449721330;S
20240122;095956;274.86;10;9449721331;S
20240122;095956;274.86;180;9449721332;S
20240122;095956;274.86;10;9449721333;S
20240122;095956;274.86;10;9449721334;S
20240122;095956;274.86;150;9449721335;S
20240122;095956;274.86;10;9449721336;S
20240122;095956;274.86;30;9449721337;S
20240122;095956;274.86;10;9449721338;S
20240122;095956;274.86;10;9449721339;S
20240122;095956;274.86;10;9449721340;S
20240122;095956;274.86;10;9449721341;S
20240122;095956;274.86;10;9449721342;S
20240122;095956;274.86;10;9449721343;S
20240122;095956;274.86;10;9449721344;S
20240122;095956;274.86;10;9449721345;S
20240122;095956;274.86;20;9449721346;S
20240122;095956;274.86;20;9449721347;S
20240122;095956;274.86;100;9449721348;S
20240122;095956;274.86;500;9449721349;S
20240122;095956;274.86;360;9449721350;B
20240122;095956;274.86;10;9449721351;S
20240122;095956;274.86;10;9449721352;S
20240122;095956;274.86;180;9449721353;B
20240122;095956;274.86;10;9449721354;S
20240122;095956;274.86;10;9449721355;S
20240122;095956;274.86;10;9449721356;S
20240122;095956;274.86;100;9449721357;S
20240122;095956;274.86;1000;9449721358;S
20240122;095956;274.86;30;9449721359;B
20240122;095956;274.86;40;9449721360;S
20240122;095956;274.86;10;9449721361;B
20240122;095956;274.86;420;9449721362;S
20240122;095956;274.86;250;9449721363;B
20240122;095956;274.86;100;9449721364;B
20240122;095956;274.86;180;9449721365;S
20240122;095956;274.86;250;9449721366;S
20240122;095956;274.86;70;9449721367;S
20240122;095956;274.86;20;9449721368;B
20240122;095956;274.86;160;9449721369;B
20240122;095956;274.86;570;9449721370;S
20240122;095956;274.86;20;9449721371;S
20240122;095956;274.86;40;9449721372;S
20240122;095956;274.86;160;9449721373;S
20240122;095956;274.86;300;9449721374;S
20240122;095956;274.86;130;9449721375;S
20240122;095956;274.86;540;9449721376;S
20240122;095956;274.86;300;9449721377;S
20240122;095956;274.86;360;9449721378;S
20240122;095956;274.86;1550;9449721379;S
20240122;095956;274.86;100;9449721380;S
20240122;095956;274.86;40;9449721381;S
20240122;095956;274.86;50;9449721382;S
20240122;095956;274.86;10;9449721383;S
20240122;095956;274.86;10;9449721384;S
20240122;095956;274.86;820;9449721385;S
20240122;095956;274.86;20;9449721386;B
20240122;095956;274.86;160;9449721387;B
20240122;095956;274.86;240;9449721388;B
20240122;095956;274.86;160;9449721389;B
20240122;095956;274.86;10;9449721390;B
20240122;095956;274.86;10;9449721391;B
20240122;095956;274.86;20;9449721392;B
20240122;095956;274.86;10;9449721393;B
20240122;095956;274.86;60;9449721394;B
20240122;095956;274.86;20;9449721395;B
20240122;095956;274.86;380;9449721396;B
20240122;095956;274.86;10;9449721397;B
20240122;095956;274.86;10;9449721398;B
20240122;095956;274.86;40;9449721399;B
20240122;095956;274.86;530;9449721400;B
20240122;095956;274.86;10;9449721401;B
20240122;095956;274.86;10;9449721402;B
20240122;095956;274.86;10;9449721403;B
20240122;095956;274.86;360;9449721404;B
20240122;095956;274.86;220;9449721405;B
20240122;095956;274.86;1000;9449721406;B
20240122;095956;274.86;550;9449721407;B
20240122;095956;274.86;10;9449721408;B
20240122;095956;274.86;110;9449721409;B
20240122;095956;274.86;10;9449721410;B
20240122;095956;274.86;20;9449721411;B
20240122;095956;274.86;10;9449721412;B
20240122;095956;274.86;10;9449721413;B
20240122;095956;274.86;100;9449721414;B
20240122;095956;274.86;240;9449721415;B
20240122;095956;274.86;10;9449721416;B
20240122;095956;274.86;100;9449721417;B
20240122;095956;274.86;10;9449721418;B
20240122;095956;274.86;10;9449721419;B
20240122;095956;274.86;40;9449721420;B
20240122;095956;274.86;20;9449721421;B
20240122;095956;274.86;50;9449721422;B
20240122;095956;274.86;20;9449721423;B
20240122;095956;274.86;10;9449721424;S
20240122;095956;274.86;10;9449721425;S
20240122;095956;274.86;10;9449721426;S
20240122;095956;274.86;10;9449721427;S
20240122;095956;274.86;10;9449721428;S
20240122;095956;274.86;40;9449721429;S
20240122;095956;274.86;140;9449721430;B
20240122;095956;274.86;220;9449721431;B
20240122;095956;274.86;780;9449721432;B
20240122;095956;274.86;20;9449721433;B
20240122;095956;274.86;50;9449721434;B
20240122;095956;274.86;70;9449721435;B
20240122;095956;274.86;430;9449721436;S
20240122;095956;274.86;40;9449721437;S
20240122;095956;274.86;10;9449721438;S
20240122;095956;274.86;10;9449721439;S
20240122;100000;274.89;300;9449722077;B
20240122;100000;274.89;700;9449722078;B
20240122;100000;274.89;440;9449722126;B
20240122;100000;274.89;560;9449722127;B
20240122;100000;274.89;220;9449722152;B
20240122;100000;274.89;10;9449722153;B
20240122;100000;274.89;20;9449722154;B
20240122;100000;274.89;30;9449722155;B
20240122;100000;274.89;10;9449722156;B
20240122;100000;274.89;50;9449722157;B
20240122;100000;274.89;70;9449722158;B
20240122;100000;274.89;10;9449722159;B
20240122;100000;274.89;10;9449722160;B
20240122;100000;274.89;10;9449722161;B
20240122;100000;274.89;20;9449722162;B
20240122;100000;274.89;30;9449722163;B
20240122;100000;274.89;50;9449722164;B
20240122;100000;274.89;20;9449722165;B
20240122;100000;274.89;20;9449722166;B
20240122;100000;274.9;100;9449722253;B
20240122;100000;274.9;150;9449722254;B
20240122;100000;274.94;50;9449722284;B
20240122;100000;274.99;40;9449723191;B
20240122;100001;274.98;100;9449723630;S
20240122;100001;274.99;710;9449724554;B
20240122;100001;274.99;20;9449724555;B
20240122;100002;274.98;50;9449724747;S
20240122;100002;274.98;10;9449724879;S
20240122;100002;274.98;60;9449725037;S
20240122;100002;275;10;9449725055;B
20240122;100002;274.98;140;9449725104;S
20240122;100002;275;10;9449725244;B
20240122;100002;274.98;10;9449725465;S
20240122;100003;275;520;9449725935;B
20240122;100003;275;200;9449725936;B
20240122;100003;275;10;9449725937;B
20240122;100003;275;10;9449725938;B
20240122;100003;275;80;9449725948;B
20240122;100003;275;50;9449725949;B
20240122;100003;275.01;200;9449725961;B
20240122;100003;275.03;30;9449725967;B
20240122;100003;275.06;2000;9449725990;B
20240122;100003;275.09;10;9449726014;B
20240122;100003;275.1;100;9449726034;B
20240122;100003;275.09;10;9449726154;S
20240122;100004;275.1;150;9449726393;B
20240122;100004;275.11;370;9449726726;S
20240122;100004;275.1;150;9449726727;S
20240122;100004;275.1;100;9449726728;S
20240122;100004;275.1;100;9449726729;S
20240122;100004;275.1;320;9449726901;S
20240122;100004;275.1;40;9449726902;S
20240122;100004;275.14;2000;9449726995;B
20240122;100004;275.11;230;9449727250;S
20240122;100004;275.14;10;9449727253;B
20240122;100004;275.11;240;9449727255;S
20240122;100004;275.11;20;9449727256;S
20240122;100004;275.11;100;9449727258;S
20240122;100004;275.11;20;9449727259;S
20240122;100004;275.11;10;9449727260;S
20240122;100004;275.11;10;9449727261;S
20240122;100005;275.14;70;9449727507;B
20240122;100005;275.14;30;9449727508;B
20240122;100005;275.14;100;9449727510;B
20240122;100005;275.14;100;9449727512;B
20240122;100005;275.14;170;9449727513;B
20240122;100005;275.14;10;9449727914;S
20240122;100005;275.15;10;9449727960;B
20240122;100005;275.15;10;9449728098;B
20240122;100005;275.15;10;9449728099;B
20240122;100005;275.15;20;9449728108;B
20240122;100005;275.15;100;9449728111;B
20240122;100005;275.15;10;9449728115;B
20240122;100005;275.15;10;9449728118;B
20240122;100005;275.15;10;9449728126;B
20240122;100005;275.15;10;9449728128;B
20240122;100005;275.15;10;9449728132;B
20240122;100005;275.14;20;9449728139;S
20240122;100005;275.15;10;9449728144;B
20240122;100005;275.15;10;9449728149;B
20240122;100005;275.15;10;9449728153;B
20240122;100005;275.14;20;9449728491;S
20240122;100005;275.15;50;9449728524;B
20240122;100005;275.14;10;9449728526;S
20240122;100005;275.15;30;9449728529;B
20240122;100005;275.15;100;9449728539;B
20240122;100005;275.15;200;9449728549;B
20240122;100005;275.15;10;9449728576;B
20240122;100005;275.15;100;9449728579;B
20240122;100005;275.15;10;9449728582;B
20240122;100005;275.14;10;9449728602;S
20240122;100005;275.14;270;9449728674;S
20240122;100005;275.15;50;9449728939;B
20240122;100005;275.15;10;9449728945;B
20240122;100005;275.15;100;9449728951;B
20240122;100005;275.15;10;9449728958;B
20240122;100005;275.15;10;9449728962;B
20240122;100005;275.15;10;9449728966;B
20240122;100005;275.14;20;9449728990;S
20240122;100005;275.15;10;9449728994;B
20240122;100005;275.14;30;9449728999;S
20240122;100005;275.15;10;9449729003;B
20240122;100005;275.15;10;9449729008;B
20240122;100005;275.15;50;9449729013;B
20240122;100005;275.14;20;9449729467;S
20240122;100005;275.15;100;9449729471;B
20240122;100005;275.14;60;9449729474;S
20240122;100005;275.14;20;9449729479;S
20240122;100005;275.15;10;9449729483;B
20240122;100005;275.15;10;9449729494;B
20240122;100005;275.14;60;9449729504;S
20240122;100005;275.15;10;9449729510;B
20240122;100005;275.15;10;9449729517;B
20240122;100005;275.15;10;9449729521;B
20240122;100005;275.14;10;9449729525;S
20240122;100005;275.15;10;9449729527;B
20240122;100005;275.15;10;9449729529;B
20240122;100005;275.15;10;9449729531;B
20240122;100005;275.15;10;9449729534;B
20240122;100005;275.15;10;9449729535;B
20240122;100005;275.15;10;9449729538;B
20240122;100005;275.14;10;9449729540;S
20240122;100005;275.15;10;9449729544;B
20240122;100005;275.14;70;9449729550;S
20240122;100005;275.15;10;9449729553;B
20240122;100005;275.15;10;9449729560;B
20240122;100005;275.15;10;9449729563;B
20240122;100005;275.15;10;9449729791;B
20240122;100005;275.14;150;9449729794;S
20240122;100005;275.14;40;9449729795;S
20240122;100005;275.15;10;9449729800;B
20240122;100005;275.14;10;9449729805;S
20240122;100005;275.15;70;9449729807;B
20240122;100005;275.14;40;9449729809;S
20240122;100005;275.15;10;9449729817;B
20240122;100005;275.15;10;9449729825;B
20240122;100005;275.14;100;9449729832;S
20240122;100005;275.15;20;9449729843;B
20240122;100005;275.14;80;9449730032;S
20240122;100005;275.14;10;9449730035;S
20240122;100005;275.14;10;9449730036;S
20240122;100006;275.14;400;9449730154;B
20240122;100006;275.15;100;9449730155;B
20240122;100006;275.14;100;9449730159;B
20240122;100006;275.14;100;9449730167;B
20240122;100006;275.14;200;9449730173;B
20240122;100006;275.15;300;9449730174;B
20240122;100006;275.14;710;9449730186;B
20240122;100006;275.14;1000;9449730198;B
20240122;100006;275.14;700;9449730220;B
20240122;100006;275.14;300;9449730221;B
20240122;100006;275.14;100;9449730234;B
20240122;100006;275.15;900;9449730235;B
20240122;100006;275.14;500;9449730241;B
20240122;100006;275.14;100;9449730245;B
20240122;100006;275.14;400;9449730263;B
20240122;100006;275.14;80;9449730271;B
20240122;100006;275.15;500;9449730281;B
20240122;100006;275.15;320;9449730286;B
20240122;100006;275.15;80;9449730287;B
20240122;100006;275.15;20;9449730296;B
20240122;100006;275.15;20;9449730297;B
20240122;100006;275.16;100;9449730680;B
20240122;100006;275.15;10;9449730850;S
20240122;100006;275.16;10;9449730872;B
20240122;100006;275.15;450;9449730904;S
20240122;100006;275.15;20;9449730905;S
20240122;100006;275.15;10;9449730908;S
20240122;100006;275.16;10;9449730909;B
20240122;100006;275.15;10;9449730911;S
20240122;100006;275.16;120;9449730916;B
20240122;100006;275.15;10;9449730921;S
20240122;100006;275.15;10;9449730924;S
20240122;100006;275.16;50;9449730928;B
20240122;100006;275.16;10;9449730931;B
20240122;100006;275.17;80;9449730932;B
20240122;100006;275.15;20;9449730934;S
20240122;100006;275.17;10;9449730939;B
20240122;100006;275.15;20;9449730942;S
20240122;100006;275.15;20;9449730947;S
20240122;100006;275.17;10;9449730963;B
20240122;100006;275.17;30;9449730964;B
20240122;100006;275.18;10;9449730979;B
20240122;100006;275.16;10;9449730994;S
20240122;100006;275.16;10;9449731017;S
20240122;100006;275.18;10;9449731066;B
20240122;100006;275.18;10;9449731121;B
20240122;100006;275.16;10;9449731135;S
20240122;100006;275.18;20;9449731155;B
20240122;100006;275.18;10;9449731231;B
20240122;100006;275.16;10;9449731245;S
20240122;100006;275.16;10;9449731278;S
20240122;100006;275.16;30;9449731521;S
20240122;100006;275.18;10;9449731525;B
20240122;100006;275.18;50;9449731527;B
20240122;100006;275.18;10;9449731530;B
20240122;100006;275.18;10;9449731532;B
20240122;100006;275.16;10;9449731533;S
20240122;100006;275.18;10;9449731537;B
20240122;100006;275.16;10;9449731642;S
20240122;100006;275.18;10;9449731649;B
20240122;100006;275.17;30;9449731657;S
20240122;100006;275.18;10;9449731661;B
20240122;100006;275.18;10;9449731669;B
20240122;100006;275.17;10;9449731672;S
20240122;100006;275.18;30;9449731675;B
20240122;100006;275.18;20;9449731794;B
20240122;100006;275.18;100;9449731795;B
20240122;100006;275.18;20;9449731796;B
20240122;100006;275.19;10;9449731797;B
20240122;100006;275.19;10;9449731798;B
20240122;100006;275.19;60;9449731799;B
20240122;100006;275.19;100;9449731800;B
20240122;100006;275.19;180;9449731801;B
20240122;100006;275.18;10;9449732260;B
20240122;100006;275.17;10;9449732263;S
20240122;100006;275.17;310;9449732270;S
20240122;100006;275.18;10;9449732282;B
20240122;100006;275.18;10;9449732285;B
20240122;100006;275.17;10;9449732287;S
20240122;100006;275.19;10;9449732300;B
20240122;100006;275.18;100;9449732309;B
20240122;100006;275.18;30;9449732315;B
20240122;100006;275.16;10;9449732316;S
20240122;100006;275.19;20;9449732322;B
20240122;100006;275.19;10;9449732325;B
20240122;100006;275.16;10;9449732329;S
20240122;100006;275.19;10;9449732330;B
20240122;100006;275.16;10;9449732332;S
20240122;100006;275.16;10;9449732334;S
20240122;100006;275.16;10;9449732337;S
20240122;100006;275.19;10;9449732342;B
20240122;100006;275.16;380;9449732347;S
20240122;100006;275.18;10;9449732942;B
20240122;100006;275.19;10;9449733056;B
20240122;100006;275.16;40;9449733060;S
20240122;100006;275.16;20;9449733076;S
20240122;100006;275.19;10;9449733276;B
20240122;100006;275.19;10;9449733418;B
20240122;100006;275.19;10;9449733431;B
20240122;100006;275.19;10;9449733439;B
20240122;100007;275.16;10;9449733448;S
20240122;100007;275.19;10;9449733451;B
20240122;100007;275.19;10;9449733457;B
20240122;100007;275.19;10;9449733465;B
20240122;100007;275.19;10;9449733469;B
20240122;100007;275.19;70;9449733470;B
20240122;100007;275.19;10;9449733471;B
20240122;100007;275.19;120;9449733472;B
20240122;100007;275.18;180;9449733480;B
20240122;100007;275.19;10;9449733511;B
20240122;100007;275.17;10;9449733514;S
20240122;100007;275.19;30;9449733520;B
20240122;100007;275.17;70;9449733521;S
20240122;100007;275.19;10;9449733522;B
20240122;100007;275.19;10;9449733523;B
20240122;100007;275.17;10;9449733525;S
20240122;100007;275.19;10;9449733526;B
20240122;100007;275.16;10;9449733534;S
20240122;100007;275.18;10;9449733538;B
20240122;100007;275.19;10;9449733882;B
20240122;100007;275.19;10;9449733885;B
20240122;100007;275.17;10;9449733899;S
20240122;100007;275.19;10;9449733900;B
20240122;100007;275.17;10;9449733901;S
20240122;100007;275.18;110;9449733905;B
20240122;100007;275.19;10;9449733906;B
20240122;100007;275.19;40;9449733907;B
20240122;100007;275.18;10;9449733908;B
20240122;100007;275.18;20;9449733910;B
20240122;100007;275.19;20;9449733911;B
20240122;100007;275.18;10;9449733912;B
20240122;100007;275.19;10;9449733913;B
20240122;100007;275.18;100;9449733914;B
20240122;100007;275.16;10;9449733915;S
20240122;100007;275.16;30;9449733971;S
20240122;100007;275.16;60;9449733986;S
20240122;100007;275.17;50;9449734084;B
20240122;100007;275.17;10;9449734492;B
20240122;100007;275.16;30;9449734558;S
20240122;100007;275.16;50;9449734560;S
20240122;100007;275.16;10;9449734563;S
20240122;100007;275.17;60;9449734564;B
20240122;100007;275.16;10;9449734566;S
20240122;100007;275.19;10;9449734567;B
20240122;100007;275.16;30;9449734568;S
20240122;100007;275.18;10;9449734570;B
20240122;100007;275.18;10;9449734571;B
20240122;100007;275.18;10;9449734572;B
20240122;100007;275.16;10;9449734573;S
20240122;100007;275.18;10;9449734575;B
20240122;100007;275.18;180;9449734577;B
20240122;100007;275.16;230;9449734578;S
20240122;100007;275.19;10;9449734579;B
20240122;100007;275.16;10;9449734585;S
20240122;100007;275.17;10;9449735055;B
20240122;100007;275.17;40;9449735057;B
20240122;100007;275.16;30;9449735060;S
20240122;100007;275.18;10;9449735062;B
20240122;100007;275.18;10;9449735064;B
20240122;100007;275.16;10;9449735065;S
20240122;100007;275.18;10;9449735066;B
20240122;100007;275.18;10;9449735067;B
20240122;100007;275.16;20;9449735068;S
20240122;100007;275.18;10;9449735070;B
20240122;100007;275.18;320;9449735071;B
20240122;100007;275.18;680;9449735072;B
20240122;100007;275.18;100;9449735074;B
20240122;100007;275.18;10;9449735075;B
20240122;100008;275.17;10;9449735596;B
20240122;100008;275.16;20;9449735597;S
20240122;100008;275.17;70;9449735598;B
20240122;100008;275.17;20;9449735599;B
20240122;100008;275.16;80;9449735600;S
20240122;100008;275.17;10;9449735601;B
20240122;100008;275.16;10;9449735603;S
20240122;100008;275.16;10;9449735604;S
20240122;100008;275.17;30;9449735605;B
20240122;100008;275.16;10;9449735608;S
20240122;100008;275.17;10;9449735610;B
20240122;100008;275.17;10;9449735612;B
20240122;100008;275.16;380;9449735613;S
20240122;100008;275.16;30;9449735909;S
20240122;100008;275.17;20;9449735929;B
20240122;100008;275.17;10;9449735930;B
20240122;100008;275.16;40;9449735932;S
20240122;100008;275.17;10;9449735933;B
20240122;100008;275.17;10;9449735935;B
20240122;100008;275.16;10;9449735936;S
20240122;100008;275.16;10;9449735937;S
20240122;100008;275.17;10;9449735938;B
20240122;100008;275.17;10;9449735939;B
20240122;100008;275.17;10;9449735940;B
20240122;100008;275.17;10;9449736487;B
20240122;100008;275.17;10;9449736488;B
20240122;100008;275.16;10;9449736489;S
20240122;100008;275.16;40;9449736491;S
20240122;100008;275.16;90;9449736492;S
20240122;100008;275.17;30;9449736493;B
20240122;100008;275.17;10;9449736494;B
20240122;100008;275.16;710;9449736495;S
20240122;100008;275.16;70;9449736496;S
20240122;100008;275.17;20;9449736497;B
20240122;100008;275.17;10;9449736499;B
20240122;100008;275.17;10;9449736832;B
20240122;100008;275.16;10;9449736844;S
20240122;100009;275.17;20;9449737237;B
20240122;100009;275.17;10;9449737238;B
20240122;100009;275.16;60;9449737239;S
20240122;100009;275.16;20;9449737240;S
20240122;100009;275.16;10;9449737243;S
20240122;100009;275.17;10;9449737244;B
20240122;100009;275.17;10;9449737245;B
20240122;100009;275.17;360;9449737246;B
20240122;100009;275.16;20;9449737247;S
20240122;100009;275.17;10;9449737248;B
20240122;100009;275.16;10;9449737249;S
20240122;100009;275.17;10;9449737250;B
20240122;100009;275.17;10;9449737251;B
20240122;100009;275.17;70;9449737252;B
20240122;100009;275.16;10;9449737253;S
20240122;100009;275.16;10;9449737254;S
20240122;100010;275.17;410;9449737659;B
20240122;100010;275.17;130;9449737687;B
20240122;100010;275.16;290;9449737738;S
20240122;100010;275.17;30;9449737785;B
20240122;100010;275.16;10;9449737786;S
20240122;100010;275.17;20;9449737821;B
20240122;100010;275.17;20;9449737833;B
20240122;100010;275.16;480;9449737901;S
20240122;100010;275.16;90;9449737902;S
20240122;100010;275.17;10;9449737905;B
20240122;100010;275.17;20;9449737910;B
20240122;100010;275.17;60;9449737929;B
20240122;100010;275.17;80;9449737967;B
20240122;100010;275.16;280;9449738017;S
20240122;100010;275.17;230;9449738022;B
20240122;100010;275.16;390;9449738042;S
20240122;100010;275.16;10;9449738065;S
20240122;100010;275.17;60;9449738092;B
20240122;100010;275.16;20;9449738153;S
20240122;100011;275.16;10;9449738299;S
20240122;100011;275.16;140;9449738300;S
20240122;100012;275.17;90;9449738592;B
20240122;100012;275.17;200;9449738730;B
20240122;100012;275.17;10;9449738793;B
20240122;100012;275.17;100;9449738844;B
20240122;100013;275.16;30;9449739001;S
20240122;100013;275.19;10;9449739018;B
20240122;100014;275.16;300;9449739190;S
20240122;100014;275.18;10;9449739268;B
20240122;100015;275.16;30;9449739464;S
20240122;100015;275.18;10;9449739522;B
20240122;100015;275.16;30;9449739625;S
20240122;100016;275.18;200;9449739815;B
20240122;100018;275.16;470;9449740132;S
20240122;100018;275.16;800;9449740133;S
20240122;100018;275.16;1000;9449740134;S
20240122;100018;275.16;730;9449740135;S
20240122;100018;275.16;70;9449740154;S
20240122;100018;275.16;1000;9449740155;S
20240122;100018;275.16;10;9449740156;S
20240122;100018;275.13;10;9449740157;S
20240122;100018;275.1;10;9449740158;S
20240122;100018;275.09;60;9449740159;S
20240122;100018;275.11;1000;9449740162;B
20240122;100018;275.12;370;9449740163;B
20240122;100018;275.13;370;9449740216;B
20240122;100018;275.13;30;9449740217;B
20240122;100018;275.13;10;9449740278;B
20240122;100020;275.13;10;9449740664;B
20240122;100020;275.12;100;9449740665;S
20240122;100020;275.13;20;9449740742;B
20240122;100021;275.13;10;9449740833;B
20240122;100021;275.12;530;9449740879;S
20240122;100021;275.08;710;9449740880;S
20240122;100021;275.07;710;9449740881;S
20240122;100021;275.06;710;9449740882;S
20240122;100021;275.05;710;9449740883;S
20240122;100021;275.04;710;9449740884;S
20240122;100021;275.03;710;9449740885;S
20240122;100021;275.03;400;9449740886;S
20240122;100021;275.02;710;9449740887;S
20240122;100021;275.02;2000;9449740888;S
20240122;100021;275.01;710;9449740889;S
20240122;100021;275;710;9449740890;S
20240122;100021;275;3000;9449740891;S
20240122;100021;275;20;9449740892;S
20240122;100021;274.99;710;9449740893;S
20240122;100021;274.96;2000;9449740894;S
20240122;100021;274.95;1640;9449740895;S
20240122;100021;274.94;1280;9449740896;S
20240122;100021;274.94;2000;9449740897;S
20240122;100021;274.93;2000;9449740898;S
20240122;100021;274.92;2000;9449740899;S
20240122;100021;274.89;800;9449740900;S
20240122;100021;274.89;1000;9449740901;S
20240122;100021;274.88;4230;9449740902;S
20240122;100021;275;100;9449740911;S
20240122;100022;275;10;9449741134;S
20240122;100022;275.08;50;9449741385;B
20240122;100023;275;10;9449741390;S
20240122;100023;275;90;9449741559;S
20240122;100023;275.04;400;9449741580;B
20240122;100023;275.05;330;9449741581;B
20240122;100024;275.03;10;9449741760;B
20240122;100025;274.97;20;9449741963;S
20240122;100025;274.98;100;9449741992;B
20240122;100025;275.04;40;9449741993;B
20240122;100026;274.96;1980;9449742179;S
20240122;100026;274.96;400;9449742180;S
20240122;100026;274.95;620;9449742181;S
20240122;100026;274.96;400;9449742187;B
20240122;100026;274.96;320;9449742189;B
20240122;100026;274.99;140;9449742355;B
20240122;100026;274.97;240;9449742384;S
20240122;100026;274.96;280;9449742385;S
20240122;100026;274.96;20;9449742386;S
20240122;100027;274.96;980;9449742530;S
20240122;100027;274.96;520;9449742531;S
20240122;100027;274.96;480;9449742647;S
20240122;100027;274.94;520;9449742648;S
20240122;100028;274.96;1000;9449742851;B
20240122;100028;274.96;980;9449742853;B
20240122;100029;274.96;20;9449743099;S
20240122;100029;274.96;200;9449743100;S
20240122;100029;274.97;400;9449743242;B
20240122;100029;274.97;1100;9449743243;B
20240122;100029;274.97;370;9449743244;B
20240122;100029;274.97;370;9449743245;B
20240122;100029;274.98;2930;9449743246;B
20240122;100030;274.97;100;9449743320;B
20240122;100030;274.96;100;9449743324;S
20240122;100030;274.97;300;9449743385;B
20240122;100030;274.97;300;9449743386;B
20240122;100030;274.97;100;9449743395;B
20240122;100030;274.97;200;9449743486;B
20240122;100030;274.97;10;9449743490;B
20240122;100031;274.97;10;9449743609;B
20240122;100031;274.96;10;9449743637;S
20240122;100031;274.96;100;9449743678;S
20240122;100032;274.97;10;9449743860;B
20240122;100033;274.97;400;9449744038;S
20240122;100033;274.96;590;9449744039;S
20240122;100033;274.93;710;9449744040;S
20240122;100033;274.92;710;9449744041;S
20240122;100033;274.91;710;9449744042;S
20240122;100033;274.91;2000;9449744043;S
20240122;100033;274.9;710;9449744044;S
20240122;100033;274.89;710;9449744045;S
20240122;100033;274.88;710;9449744046;S
20240122;100033;274.88;3000;9449744047;S
20240122;100033;274.87;710;9449744048;S
20240122;100033;274.87;1850;9449744049;S
20240122;100033;274.95;200;9449744139;B
20240122;100034;274.94;50;9449744367;B
20240122;100034;274.94;40;9449744465;B
20240122;100035;274.94;70;9449744700;B
20240122;100036;274.95;10;9449744967;B
20240122;100036;274.95;10;9449745030;B
20240122;100037;274.95;230;9449745155;B
20240122;100037;274.96;770;9449745156;B
20240122;100037;274.96;330;9449745157;B
20240122;100037;274.96;370;9449745158;B
20240122;100037;274.96;80;9449745159;S
20240122;100038;274.97;20;9449745482;B
20240122;100038;274.99;10;9449745506;B
20240122;100038;274.96;30;9449745525;S
20240122;100038;274.99;700;9449745571;B
20240122;100038;274.99;100;9449745572;B
20240122;100038;275;60;9449745573;B
20240122;100039;274.96;190;9449745822;S
20240122;100039;274.96;500;9449745823;S
20240122;100039;274.95;510;9449745824;S
20240122;100039;274.95;400;9449745825;S
20240122;100039;274.92;370;9449745826;S
20240122;100039;274.91;1830;9449745827;S
20240122;100039;275;430;9449745989;B
20240122;100039;274.97;150;9449746081;S
20240122;100039;274.97;110;9449746126;S
20240122;100041;274.96;30;9449746539;S
20240122;100042;274.99;10;9449746662;B
20240122;100042;274.97;40;9449746764;B
20240122;100042;274.96;10;9449746900;S
20240122;100043;274.97;10;9449747119;B
20240122;100044;274.96;30;9449747130;S
20240122;100044;274.97;10;9449747291;B
20240122;100044;274.97;240;9449747320;B
20240122;100044;274.99;490;9449747321;B
20240122;100045;274.99;10;9449747355;B
20240122;100045;274.99;30;9449747392;B
20240122;100045;274.98;180;9449747515;B
20240122;100045;274.98;1100;9449747531;B
20240122;100045;274.99;400;9449747532;B
20240122;100045;275;10;9449747533;B
20240122;100045;275;10;9449747534;B
20240122;100045;275;250;9449747535;B
20240122;100045;275;710;9449747536;B
20240122;100045;275;50;9449747537;B
20240122;100045;275.01;10;9449747538;B
20240122;100045;275.01;710;9449747539;B
20240122;100045;275.02;710;9449747540;B
20240122;100045;275.02;200;9449747541;B
20240122;100045;275.02;370;9449747542;B
20240122;100045;275.03;210;9449747543;B
20240122;100045;275.03;710;9449747544;B
20240122;100045;275.03;2000;9449747545;B
20240122;100045;275.03;400;9449747546;B
20240122;100045;275.04;710;9449747615;B
20240122;100045;275.05;110;9449747616;B
20240122;100045;275.05;380;9449747617;B
20240122;100046;275.04;10;9449747903;B
20240122;100046;275;10;9449747929;S
20240122;100048;275.05;300;9449748272;B
20240122;100048;275.05;10;9449748274;B
20240122;100048;275.06;270;9449748501;B
20240122;100048;275.05;20;9449748646;B
20240122;100049;275.05;10;9449748844;B
20240122;100049;275.05;70;9449748868;B
20240122;100049;275.06;10;9449748937;B
20240122;100050;275.04;400;9449749048;S
20240122;100050;275.03;100;9449749049;S
20240122;100050;275.03;50;9449749187;S
20240122;100051;275.03;190;9449749243;S
20240122;100051;275.03;200;9449749296;S
20240122;100052;275.06;10;9449749488;B
20240122;100054;275.03;50;9449749932;S
20240122;100054;275.06;20;9449750032;B
20240122;100054;275.06;10;9449750033;B
20240122;100054;275.03;30;9449750062;S
20240122;100055;275.03;60;9449750179;S
20240122;100055;275.03;20;9449750180;S
20240122;100056;274.99;370;9449750431;S
20240122;100056;274.99;500;9449750526;S
20240122;100056;275.02;10;9449750556;B
20240122;100056;275.02;390;9449750593;B
20240122;100056;275.03;420;9449750594;B
20240122;100056;275.03;370;9449750595;B
20240122;100056;275.03;820;9449750596;B
20240122;100057;275.03;10;9449750729;B
20240122;100057;275;10;9449750742;B
20240122;100057;275;10;9449750757;B
20240122;100058;274.99;100;9449750849;S
20240122;100058;274.99;140;9449750900;S
20240122;100058;275;240;9449750960;B
20240122;100059;274.99;50;9449751051;S
20240122;100059;274.99;40;9449751178;S
20240122;100059;274.99;80;9449751221;S
20240122;100059;274.99;60;9449751222;S
20240122;100059;275;50;9449751315;B
20240122;100100;275;320;9449751402;B
20240122;100100;275;400;9449751403;B
20240122;100100;275;710;9449751404;B
20240122;100100;275.01;20;9449751520;B
20240122;100100;275;70;9449751673;S
20240122;100100;274.99;70;9449751674;S
20240122;100100;274.97;360;9449751675;S
20240122;100100;274.99;90;9449751688;B
20240122;100100;274.99;50;9449751711;B
20240122;100102;274.98;10;9449751980;S
20240122;100102;274.97;690;9449751981;S
20240122;100102;274.97;10;9449751983;S
20240122;100102;274.97;200;9449752100;S
20240122;100103;274.98;10;9449752152;B
20240122;100103;274.98;10;9449752173;B
20240122;100103;274.98;10;9449752222;B
20240122;100103;274.98;40;9449752224;B
20240122;100103;274.98;20;9449752238;B
20240122;100105;274.98;10;9449752549;B
20240122;100105;274.97;20;9449752605;S
20240122;100106;274.98;150;9449752842;B
20240122;100106;274.98;100;9449752845;B
20240122;100106;274.97;30;9449752884;S
20240122;100107;274.97;500;9449753060;S
20240122;100107;274.97;580;9449753079;S
20240122;100107;274.96;380;9449753123;S
20240122;100107;274.97;100;9449753154;B
20240122;100108;274.97;10;9449753210;B
20240122;100109;274.97;200;9449753470;B
20240122;100109;274.97;10;9449753553;B
20240122;100110;274.97;30;9449753618;B
20240122;100110;274.97;100;9449753703;B
20240122;100110;274.97;10;9449753713;B
20240122;100112;274.97;10;9449753950;B
20240122;100112;274.97;20;9449753999;B
20240122;100113;274.97;20;9449754113;B
20240122;100115;274.97;10;9449754406;B
20240122;100115;274.96;50;9449754409;S
20240122;100115;274.97;30;9449754535;B
20240122;100115;274.97;10;9449754536;B
20240122;100117;274.96;30;9449754799;S
20240122;100117;274.96;10;9449754800;S
20240122;100117;274.97;10;9449754856;B
20240122;100119;274.96;10;9449755049;S
20240122;100119;274.95;200;9449755050;S
20240122;100119;274.95;700;9449755051;S
20240122;100119;274.93;400;9449755052;S
20240122;100119;274.9;720;9449755053;S
20240122;100119;274.9;100;9449755054;S
20240122;100119;274.9;500;9449755055;S
20240122;100119;274.89;820;9449755056;S
20240122;100119;274.88;710;9449755057;S
20240122;100119;274.87;710;9449755058;S
20240122;100119;274.86;130;9449755059;S
20240122;100119;274.96;1000;9449755061;B
20240122;100119;274.87;10;9449755062;S
20240122;100119;274.87;180;9449755100;S
20240122;100119;274.96;300;9449755146;B
20240122;100120;274.96;40;9449755199;B
20240122;100120;274.87;200;9449755245;S
20240122;100120;274.96;760;9449755301;B
20240122;100120;274.96;370;9449755302;B
20240122;100120;274.97;30;9449755303;B
20240122;100120;274.97;100;9449755304;B
20240122;100120;274.97;10;9449755305;B
20240122;100120;274.97;100;9449755306;B
20240122;100120;274.97;370;9449755307;B
20240122;100120;274.97;50;9449755308;B
20240122;100120;274.98;150;9449755309;B
20240122;100120;274.98;60;9449755310;B
20240122;100121;274.87;10;9449755516;S
20240122;100121;274.86;30;9449755517;S
20240122;100121;274.86;10;9449755518;S
20240122;100121;274.86;30;9449755519;S
20240122;100121;274.86;100;9449755520;S
20240122;100121;274.86;10;9449755521;S
20240122;100121;274.86;10;9449755522;S
20240122;100121;274.86;10;9449755523;S
20240122;100121;274.86;10;9449755524;S
20240122;100121;274.86;10;9449755525;S
20240122;100121;274.86;10;9449755526;S
20240122;100121;274.86;360;9449755527;S
20240122;100121;274.86;20;9449755528;S
20240122;100121;274.86;10;9449755529;S
20240122;100121;274.86;20;9449755530;S
20240122;100121;274.86;70;9449755531;S
20240122;100121;274.86;10;9449755532;S
20240122;100121;274.86;200;9449755533;S
20240122;100121;274.86;10;9449755534;S
20240122;100121;274.86;10;9449755535;S
20240122;100121;274.86;30;9449755536;S
20240122;100121;274.86;10;9449755537;S
20240122;100121;274.86;10;9449755538;S
20240122;100121;274.86;30;9449755539;S
20240122;100121;274.86;10;9449755540;S
20240122;100121;274.86;20;9449755541;S
20240122;100121;274.86;10;9449755542;S
20240122;100121;274.86;10;9449755543;S
20240122;100121;274.86;60;9449755544;S
20240122;100121;274.86;10;9449755545;S
20240122;100121;274.86;10;9449755546;S
20240122;100121;274.86;10;9449755547;S
20240122;100121;274.86;10;9449755548;S
20240122;100121;274.86;10;9449755549;S
20240122;100121;274.86;30;9449755550;S
20240122;100121;274.86;30;9449755551;S
20240122;100121;274.86;10;9449755552;S
20240122;100121;274.86;60;9449755553;S
20240122;100121;274.86;40;9449755554;S
20240122;100121;274.86;300;9449755555;S
20240122;100121;274.86;20;9449755556;S
20240122;100121;274.86;10;9449755557;S
20240122;100121;274.86;10;9449755558;S
20240122;100121;274.86;10;9449755559;S
20240122;100121;274.86;30;9449755560;S
20240122;100121;274.86;10;9449755561;S
20240122;100121;274.86;10;9449755562;S
20240122;100121;274.86;140;9449755563;S
20240122;100122;274.97;10;9449755629;B
20240122;100123;274.95;10;9449755818;B
20240122;100123;274.87;90;9449755857;S
20240122;100123;274.87;10;9449755878;S
20240122;100125;274.95;30;9449756059;B
20240122;100125;274.95;20;9449756173;B
20240122;100125;274.97;30;9449756174;B
20240122;100125;274.95;1000;9449756229;B
20240122;100125;274.94;400;9449756230;B
20240122;100125;274.95;600;9449756231;B
20240122;100125;274.94;400;9449756232;B
20240122;100125;274.95;600;9449756233;B
20240122;100125;274.95;1000;9449756234;B
20240122;100125;274.95;1000;9449756235;B
20240122;100125;274.95;1000;9449756236;B
20240122;100125;274.95;1000;9449756237;B
20240122;100125;274.95;1000;9449756238;B
20240122;100125;274.95;1000;9449756239;B
20240122;100125;274.95;1000;9449756240;B
20240122;100125;274.95;1000;9449756241;B
20240122;100125;274.95;1000;9449756243;B
20240122;100125;274.95;1000;9449756244;B
20240122;100125;274.95;1000;9449756245;B
20240122;100125;274.95;1000;9449756246;B
20240122;100125;274.95;1000;9449756247;B
20240122;100125;274.95;1000;9449756248;B
20240122;100125;274.95;1000;9449756249;B
20240122;100125;274.95;1000;9449756250;B
20240122;100125;274.95;1000;9449756251;B
20240122;100125;274.95;1000;9449756252;B
20240122;100125;274.95;1000;9449756253;B
20240122;100125;274.95;1000;9449756254;B
20240122;100125;274.95;1000;9449756255;B
20240122;100125;274.95;1000;9449756256;B
20240122;100125;274.95;1000;9449756257;B
20240122;100125;274.95;1000;9449756258;B
20240122;100125;274.95;1000;9449756259;B
20240122;100125;274.94;140;9449756301;B
20240122;100126;274.94;200;9449756303;B
20240122;100126;274.91;10;9449756389;S
20240122;100126;274.91;110;9449756512;S
20240122;100127;274.94;10;9449756542;B
20240122;100127;274.94;50;9449756653;B
20240122;100127;274.91;100;9449756701;S
20240122;100129;274.91;60;9449756925;S
20240122;100129;274.91;100;9449756967;S
20240122;100129;274.94;710;9449757000;B
20240122;100129;274.95;80;9449757047;B
20240122;100130;274.94;290;9449757124;S
20240122;100130;274.94;710;9449757125;S
20240122;100130;274.95;110;9449757187;B
20240122;100131;274.95;10;9449757291;B
20240122;100131;274.95;150;9449757392;B
20240122;100131;274.95;50;9449757424;B
20240122;100132;274.94;180;9449757488;S
20240122;100132;274.95;1000;9449757578;B
20240122;100133;274.94;110;9449757721;S
20240122;100133;274.92;390;9449757722;S
20240122;100133;274.95;70;9449757736;B
20240122;100133;274.92;100;9449757795;S
20240122;100134;274.95;10;9449757916;B
20240122;100135;274.92;10;9449758025;S
20240122;100138;274.95;10;9449758447;B
20240122;100139;274.95;20;9449758619;B
20240122;100139;274.95;30;9449758667;B
20240122;100140;274.92;890;9449758974;S
20240122;100140;274.9;50;9449758975;S
20240122;100140;274.9;100;9449758976;S
20240122;100140;274.89;210;9449758977;S
20240122;100140;274.95;20;9449759022;B
20240122;100142;274.94;50;9449759315;B
20240122;100142;274.95;50;9449759316;B
20240122;100144;274.95;20;9449759770;B
20240122;100146;274.93;290;9449760035;S
20240122;100148;274.93;50;9449760573;S
20240122;100148;274.93;10;9449760574;S
20240122;100149;274.93;940;9449760651;B
20240122;100149;274.93;400;9449760652;B
20240122;100149;274.93;710;9449760653;B
20240122;100149;274.93;370;9449760654;B
20240122;100149;274.93;370;9449760655;B
20240122;100149;274.94;710;9449760656;B
20240122;100149;274.95;1170;9449760657;B
20240122;100149;274.95;100;9449760658;B
20240122;100149;274.95;5000;9449760659;B
20240122;100149;274.95;230;9449760660;B
20240122;100149;274.92;10;9449760825;S
20240122;100149;274.92;50;9449760826;S
20240122;100149;274.9;20;9449760827;S
20240122;100149;274.9;190;9449760828;S
20240122;100149;274.93;10;9449760834;B
20240122;100150;274.93;20;9449760945;B
20240122;100152;274.91;10;9449761246;B
20240122;100155;274.91;10;9449761736;B
20240122;100156;274.91;100;9449761905;B
20240122;100156;274.91;10;9449761916;B
20240122;100156;274.91;70;9449761926;B
20240122;100157;274.91;350;9449762038;B
20240122;100158;274.91;10;9449762169;B
20240122;100158;274.9;10;9449762342;S
20240122;100159;274.88;400;9449762498;S
20240122;100159;274.87;1100;9449762499;S
20240122;100159;274.87;50;9449762500;S
20240122;100200;274.91;170;9449762667;B
20240122;100200;274.91;50;9449762668;B
20240122;100200;274.92;20;9449762669;B
20240122;100200;274.92;460;9449762670;B
20240122;100202;274.86;30;9449763195;S
20240122;100204;274.89;30;9449763620;B
20240122;100205;274.89;50;9449763688;B
20240122;100205;274.89;50;9449763701;B
20240122;100205;274.89;10;9449763821;B
20240122;100207;274.89;200;9449764090;B
20240122;100208;274.91;50;9449764231;B
20240122;100210;274.87;10;9449764825;B
20240122;100210;274.87;710;9449764826;B
20240122;100210;274.88;280;9449764827;B
20240122;100211;274.9;10;9449764962;B
20240122;100212;274.9;10;9449765053;B
20240122;100212;274.9;100;9449765123;B
20240122;100212;274.9;20;9449765126;B
20240122;100215;274.9;10;9449765724;B
20240122;100216;274.89;10;9449765822;S
20240122;100217;274.87;220;9449766013;S
20240122;100217;274.89;1000;9449766062;S
20240122;100218;274.9;500;9449766227;B
20240122;100218;274.88;20;9449766236;S
20240122;100218;274.9;10;9449766271;B
20240122;100219;274.88;1080;9449766440;S
20240122;100219;274.87;2330;9449766441;S
20240122;100219;274.87;1240;9449766442;S
20240122;100220;274.9;10;9449766690;B
20240122;100222;274.88;150;9449767202;B
20240122;100224;274.88;10;9449767561;B
20240122;100225;274.88;10;9449767635;B
20240122;100226;274.87;20;9449767748;B
20240122;100226;274.87;50;9449767772;B
20240122;100226;274.87;10;9449767812;B
20240122;100226;274.87;60;9449767851;B
20240122;100226;274.87;120;9449767859;B
20240122;100227;274.88;50;9449767950;B
20240122;100227;274.88;10;9449768026;B
20240122;100228;274.86;190;9449768035;S
20240122;100228;274.86;10;9449768036;S
20240122;100228;274.86;10;9449768037;S
20240122;100228;274.86;10;9449768038;S
20240122;100228;274.86;10;9449768039;S
20240122;100228;274.86;10;9449768040;S
20240122;100228;274.86;30;9449768041;S
20240122;100228;274.86;80;9449768042;S
20240122;100228;274.86;40;9449768043;S
20240122;100228;274.86;20;9449768044;S
20240122;100228;274.86;10;9449768045;S
20240122;100228;274.86;50;9449768046;S
20240122;100228;274.86;400;9449768047;S
20240122;100228;274.86;20;9449768048;S
20240122;100228;274.86;40;9449768049;S
20240122;100228;274.86;30;9449768050;S
20240122;100228;274.86;50;9449768051;S
20240122;100228;274.86;10;9449768052;S
20240122;100228;274.86;40;9449768053;S
20240122;100228;274.86;10;9449768054;S
20240122;100228;274.86;150;9449768055;S
20240122;100228;274.86;10;9449768056;S
20240122;100228;274.86;30;9449768057;S
20240122;100228;274.86;50;9449768058;S
20240122;100228;274.86;10;9449768059;S
20240122;100228;274.86;10;9449768060;S
20240122;100228;274.86;10;9449768061;S
20240122;100228;274.86;10;9449768062;S
20240122;100228;274.86;160;9449768063;S
20240122;100228;274.86;10;9449768064;S
20240122;100228;274.86;10;9449768065;S
20240122;100228;274.86;50;9449768066;S
20240122;100228;274.86;10;9449768067;S
20240122;100228;274.86;10;9449768068;S
20240122;100228;274.87;100;9449768175;S
20240122;100229;274.88;10;9449768322;B
20240122;100229;274.88;470;9449768412;B
20240122;100230;274.88;40;9449768463;S
20240122;100230;274.88;530;9449768466;S
20240122;100230;274.89;10;9449768485;B
20240122;100231;274.89;700;9449768749;B
20240122;100231;274.89;350;9449768750;B
20240122;100234;274.89;10;9449769155;B
20240122;100234;274.88;50;9449769187;S
20240122;100235;274.89;10;9449769303;B
20240122;100235;274.89;350;9449769738;B
20240122;100236;274.89;340;9449770408;B
20240122;100236;274.9;40;9449770418;B
20240122;100236;274.9;30;9449770419;B
20240122;100236;274.91;130;9449770420;B
20240122;100237;274.9;20;9449770601;B
20240122;100237;274.9;10;9449770607;B
20240122;100237;274.89;60;9449770693;S
20240122;100238;274.89;350;9449771019;S
20240122;100239;274.89;100;9449771037;B
20240122;100239;274.89;130;9449771047;B
20240122;100239;274.89;50;9449771056;B
20240122;100239;274.89;30;9449771070;B
20240122;100239;274.89;100;9449771212;B
20240122;100240;274.88;10;9449771293;S
20240122;100240;274.89;170;9449771346;B
20240122;100240;274.89;50;9449771371;B
20240122;100243;274.88;190;9449772122;S
20240122;100244;274.89;10;9449772434;B
20240122;100244;274.89;500;9449772490;B
20240122;100245;274.89;10;9449772519;B
20240122;100245;274.89;700;9449772651;B
20240122;100245;274.89;710;9449772652;B
20240122;100245;274.89;50;9449772653;B
20240122;100245;274.89;360;9449772654;B
20240122;100246;274.88;40;9449772892;S
20240122;100248;274.88;890;9449773145;S
20240122;100248;274.88;100;9449773146;S
20240122;100248;274.88;10;9449773147;S
20240122;100248;274.88;40;9449773264;B
20240122;100248;274.88;150;9449773265;B
20240122;100248;274.89;400;9449773299;B
20240122;100249;274.89;40;9449773443;B
20240122;100251;274.89;10;9449773859;B
20240122;100252;274.89;180;9449773869;B
20240122;100252;274.87;30;9449773870;S
20240122;100253;274.87;40;9449774136;S
20240122;100253;274.89;80;9449774156;B
20240122;100253;274.89;90;9449774157;B
20240122;100253;274.89;10;9449774184;B
20240122;100253;274.87;100;9449774206;S
20240122;100254;274.89;500;9449774279;B
20240122;100254;274.89;50;9449774284;B
20240122;100254;274.89;10;9449774342;B
20240122;100254;274.87;30;9449774343;S
20240122;100254;274.87;50;9449774344;S
20240122;100254;274.89;10;9449774449;B
20240122;100256;274.87;50;9449774655;S
20240122;100256;274.87;820;9449774656;S
20240122;100256;274.87;30;9449774695;S
20240122;100257;274.88;10;9449774797;B
20240122;100257;274.88;20;9449774798;B
20240122;100257;274.88;40;9449774799;B
20240122;100258;274.88;40;9449774968;B
20240122;100258;274.88;10;9449775117;B
20240122;100259;274.88;250;9449775164;B
20240122;100259;274.88;20;9449775257;B
20240122;100301;274.88;20;9449775560;B
20240122;100301;274.87;340;9449775623;S
20240122;100301;274.87;30;9449775624;S
20240122;100302;274.88;10;9449775828;B
20240122;100302;274.87;340;9449775835;S
20240122;100302;274.87;1100;9449775836;S
20240122;100302;274.87;370;9449775837;S
20240122;100304;274.87;10;9449776172;B
20240122;100304;274.87;500;9449776315;B
20240122;100305;274.87;100;9449776376;B
20240122;100307;274.86;10;9449776710;S
20240122;100307;274.86;10;9449776711;S
20240122;100307;274.86;40;9449776712;S
20240122;100307;274.86;30;9449776713;S
20240122;100307;274.86;10;9449776714;S
20240122;100307;274.86;10;9449776715;S
20240122;100307;274.86;200;9449776716;S
20240122;100308;274.86;590;9449776816;S
20240122;100308;274.86;1060;9449776817;S
20240122;100308;274.86;500;9449776818;S
20240122;100308;274.86;10;9449776819;S
20240122;100308;274.86;30;9449776820;S
20240122;100308;274.86;10;9449776821;S
20240122;100308;274.86;50;9449776822;S
20240122;100308;274.86;10;9449776823;S
20240122;100308;274.86;300;9449776824;S
20240122;100308;274.86;100;9449776825;S
20240122;100308;274.86;30;9449776826;S
20240122;100308;274.86;10;9449776827;S
20240122;100308;274.86;30;9449776828;S
20240122;100308;274.86;20;9449776829;S
20240122;100308;274.85;10;9449776917;S
20240122;100308;274.85;10;9449776918;S
20240122;100308;274.85;20;9449776970;S
20240122;100309;274.85;130;9449777099;S
20240122;100309;274.85;30;9449777100;S
20240122;100309;274.85;20;9449777101;S
20240122;100309;274.85;30;9449777102;S
20240122;100309;274.85;500;9449777103;S
20240122;100309;274.85;10;9449777104;S
20240122;100309;274.85;300;9449777105;S
20240122;100309;274.85;10;9449777106;S
20240122;100309;274.85;20;9449777107;S
20240122;100309;274.84;100;9449777108;S
20240122;100309;274.84;30;9449777109;S
20240122;100309;274.84;90;9449777110;S
20240122;100309;274.83;120;9449777111;S
20240122;100309;274.83;100;9449777112;S
20240122;100309;274.83;1100;9449777113;S
20240122;100309;274.83;370;9449777114;S
20240122;100309;274.83;40;9449777115;S
20240122;100310;274.85;50;9449777188;B
20240122;100310;274.85;10;9449777251;B
20240122;100311;274.84;10;9449777372;S
20240122;100311;274.82;40;9449777373;S
20240122;100311;274.82;20;9449777374;S
20240122;100311;274.82;300;9449777375;S
20240122;100311;274.82;200;9449777376;S
20240122;100311;274.82;200;9449777377;S
20240122;100311;274.82;230;9449777378;S
20240122;100315;274.86;10;9449778077;B
20240122;100315;274.86;10;9449778091;B
20240122;100315;274.86;10;9449778169;B
20240122;100318;274.86;10;9449778808;B
20240122;100319;274.85;70;9449778945;S
20240122;100319;274.85;500;9449778947;S
20240122;100320;274.84;50;9449779108;S
20240122;100322;274.86;100;9449779254;B
20240122;100325;274.84;490;9449779778;S
20240122;100326;274.84;40;9449779933;S
20240122;100327;274.85;10;9449780077;B
20240122;100327;274.85;30;9449780100;B
20240122;100328;274.85;10;9449780242;B
20240122;100328;274.84;20;9449780247;S
20240122;100328;274.84;50;9449780326;S
20240122;100330;274.85;100;9449780546;B
20240122;100330;274.86;170;9449780547;B
20240122;100330;274.86;810;9449780548;B
20240122;100331;274.84;100;9449780829;S
20240122;100333;274.86;10;9449781146;B
20240122;100333;274.86;20;9449781244;B
20240122;100334;274.86;20;9449781344;B
20240122;100334;274.86;10;9449781366;B
20240122;100334;274.84;210;9449781384;S
20240122;100334;274.86;20;9449781389;B
20240122;100334;274.84;10;9449781462;S
20240122;100335;274.84;10;9449781551;S
20240122;100336;274.85;10;9449781829;B
20240122;100338;274.84;20;9449782067;S
20240122;100338;274.84;50;9449782068;S
20240122;100338;274.84;20;9449782069;S
20240122;100338;274.84;10;9449782070;S
20240122;100338;274.84;400;9449782071;S
20240122;100338;274.83;110;9449782072;S
20240122;100338;274.83;500;9449782073;S
20240122;100338;274.83;80;9449782074;S
20240122;100338;274.83;10;9449782075;S
20240122;100338;274.83;1100;9449782076;S
20240122;100338;274.82;770;9449782077;S
20240122;100338;274.82;100;9449782078;S
20240122;100338;274.82;10;9449782079;S
20240122;100338;274.82;1150;9449782080;S
20240122;100338;274.82;100;9449782081;S
20240122;100338;274.82;5000;9449782082;S
20240122;100338;274.82;10;9449782083;S
20240122;100338;274.82;500;9449782084;S
20240122;100338;274.81;80;9449782085;S
20240122;100338;274.82;50;9449782086;S
20240122;100338;274.82;400;9449782112;S
20240122;100338;274.81;20;9449782113;S
20240122;100338;274.81;50;9449782114;S
20240122;100338;274.81;10;9449782115;S
20240122;100338;274.83;10;9449782367;B
20240122;100339;274.81;20;9449782613;S
20240122;100340;274.82;10;9449782732;B
20240122;100340;274.81;10;9449782758;S
20240122;100340;274.81;10;9449782759;S
20240122;100340;274.81;200;9449782760;S
20240122;100340;274.81;10;9449782761;S
20240122;100340;274.81;10;9449782762;S
20240122;100340;274.81;10;9449782763;S
20240122;100340;274.81;10;9449782764;S
20240122;100340;274.81;10;9449782765;S
20240122;100340;274.81;10;9449782766;S
20240122;100340;274.81;100;9449782767;S
20240122;100340;274.81;10;9449782768;S
20240122;100340;274.81;40;9449782769;S
20240122;100340;274.81;10;9449782770;S
20240122;100340;274.81;10;9449782771;S
20240122;100340;274.81;20;9449782772;S
20240122;100340;274.81;10;9449782773;S
20240122;100340;274.81;10;9449782774;S
20240122;100340;274.81;20;9449782775;S
20240122;100340;274.81;100;9449782776;S
20240122;100340;274.81;100;9449782777;S
20240122;100340;274.81;10;9449782778;S
20240122;100340;274.81;10;9449782857;S
20240122;100340;274.81;10;9449782858;S
20240122;100340;274.81;400;9449782859;S
20240122;100340;274.81;10;9449782860;S
20240122;100340;274.81;50;9449782861;S
20240122;100340;274.81;10;9449782862;S
20240122;100340;274.81;10;9449782863;S
20240122;100340;274.81;10;9449782864;S
20240122;100340;274.81;30;9449782865;S
20240122;100340;274.81;30;9449782866;S
20240122;100340;274.81;20;9449782867;S
20240122;100340;274.81;10;9449782868;S
20240122;100340;274.81;30;9449782869;S
20240122;100340;274.81;10;9449782870;S
20240122;100340;274.81;30;9449782871;S
20240122;100340;274.81;30;9449782872;S
20240122;100340;274.81;10;9449782873;S
20240122;100340;274.81;10;9449782874;S
20240122;100340;274.81;10;9449782875;S
20240122;100340;274.81;10;9449782876;S
20240122;100340;274.81;20;9449782877;S
20240122;100340;274.81;10;9449782878;S
20240122;100340;274.81;20;9449782879;S
20240122;100340;274.81;20;9449782880;S
20240122;100340;274.81;20;9449782881;S
20240122;100340;274.81;50;9449782882;S
20240122;100340;274.81;40;9449782883;S
20240122;100340;274.81;10;9449782884;S
20240122;100340;274.81;10;9449782885;S
20240122;100340;274.81;40;9449782886;S
20240122;100340;274.81;10;9449782887;S
20240122;100340;274.81;50;9449782888;S
20240122;100340;274.81;1960;9449782889;S
20240122;100341;274.82;10;9449783069;B
20240122;100342;274.82;100;9449783220;B
20240122;100343;274.82;10;9449783234;B
20240122;100343;274.81;3140;9449783241;S
20240122;100343;274.81;80;9449783242;S
20240122;100343;274.81;260;9449783243;S
20240122;100343;274.81;10;9449783244;S
20240122;100343;274.81;2100;9449783245;S
20240122;100343;274.81;20000;9449783246;S
20240122;100343;274.81;80;9449783247;S
20240122;100343;274.81;500;9449783248;S
20240122;100343;274.81;100;9449783249;S
20240122;100343;274.81;100;9449783250;S
20240122;100343;274.81;10;9449783251;S
20240122;100343;274.81;310;9449783252;S
20240122;100343;274.81;10;9449783253;S
20240122;100343;274.81;20;9449783254;S
20240122;100344;274.8;10;9449783504;S
20240122;100344;274.8;10;9449783505;S
20240122;100344;274.8;50;9449783506;S
20240122;100344;274.8;20;9449783589;S
20240122;100344;274.8;10;9449783590;S
20240122;100344;274.8;100;9449783591;S
20240122;100344;274.8;10;9449783592;S
20240122;100344;274.8;340;9449783593;S
20240122;100344;274.81;20;9449783594;B
20240122;100345;274.8;10;9449783745;S
20240122;100348;274.81;10;9449784223;B
20240122;100349;274.8;20;9449784314;S
20240122;100349;274.8;300;9449784326;S
20240122;100350;274.81;10;9449784572;B
20240122;100350;274.8;130;9449784599;S
20240122;100350;274.8;20;9449784600;S
20240122;100350;274.8;50;9449784601;S
20240122;100350;274.8;500;9449784602;S
20240122;100350;274.8;10;9449784603;S
20240122;100350;274.8;270;9449784604;S
20240122;100350;274.8;1660;9449784605;S
20240122;100350;274.8;1500;9449784606;S
20240122;100350;274.8;10;9449784607;S
20240122;100350;274.8;20;9449784608;S
20240122;100350;274.8;70;9449784609;S
20240122;100350;274.8;50;9449784610;S
20240122;100350;274.8;1080;9449784611;S
20240122;100350;274.8;1450;9449784612;S
20240122;100350;274.8;10;9449784613;S
20240122;100350;274.79;10;9449784614;S
20240122;100350;274.78;80;9449784616;S
20240122;100350;274.78;270;9449784620;S
20240122;100350;274.77;100;9449784621;S
20240122;100350;274.77;30;9449784622;S
20240122;100350;274.76;100;9449784623;S
20240122;100350;274.76;10;9449784624;S
20240122;100350;274.71;40;9449784625;S
20240122;100350;274.71;10;9449784627;S
20240122;100350;274.71;50;9449784629;S
20240122;100351;274.73;100;9449784662;B
20240122;100351;274.73;30;9449784774;B
20240122;100352;274.73;10;9449784819;B
20240122;100352;274.73;100;9449784845;B
20240122;100353;274.7;20;9449785057;S
20240122;100353;274.73;100;9449785083;B
20240122;100354;274.7;180;9449785245;S
20240122;100354;274.7;10;9449785246;S
20240122;100354;274.7;10;9449785247;S
20240122;100356;274.72;10;9449785547;S
20240122;100356;274.73;1000;9449785589;S
20240122;100356;274.72;1450;9449785590;S
20240122;100356;274.7;90;9449785591;S
20240122;100356;274.7;180;9449785592;S
20240122;100356;274.7;10;9449785593;S
20240122;100356;274.7;10;9449785594;S
20240122;100356;274.7;10;9449785595;S
20240122;100356;274.7;10;9449785596;S
20240122;100356;274.69;500;9449785597;S
20240122;100356;274.68;500;9449785598;S
20240122;100356;274.67;50;9449785599;S
20240122;100356;274.67;20;9449785600;S
20240122;100356;274.67;100;9449785601;S
20240122;100356;274.67;2000;9449785602;S
20240122;100356;274.66;370;9449785603;S
20240122;100356;274.65;40;9449785604;S
20240122;100356;274.65;3660;9449785605;S
20240122;100356;274.66;50;9449785607;S
20240122;100356;274.66;1950;9449785641;S
20240122;100356;274.66;400;9449785642;S
20240122;100356;274.65;420;9449785643;S
20240122;100356;274.66;10;9449785721;S
20240122;100357;274.65;20;9449785839;S
20240122;100357;274.65;10;9449785873;S
20240122;100358;274.66;10;9449785952;S
20240122;100358;274.66;10;9449786043;S
20240122;100358;274.68;710;9449786120;B
20240122;100358;274.68;400;9449786121;B
20240122;100358;274.69;150;9449786122;B
20240122;100359;274.69;370;9449786216;B
20240122;100359;274.69;710;9449786217;B
20240122;100359;274.69;10;9449786218;B
20240122;100359;274.7;710;9449786219;B
20240122;100359;274.7;110;9449786220;B
20240122;100359;274.7;400;9449786221;B
20240122;100359;274.71;710;9449786222;B
20240122;100359;274.71;90;9449786223;B
20240122;100359;274.7;400;9449786232;B
20240122;100359;274.71;280;9449786233;B
20240122;100359;274.71;40;9449786234;B
20240122;100359;274.72;710;9449786373;B
20240122;100359;274.72;380;9449786374;B
20240122;100359;274.72;100;9449786460;B
20240122;100400;274.71;40;9449786622;S
20240122;100401;274.72;130;9449786879;B
20240122;100401;274.72;1100;9449786923;S
20240122;100401;274.72;400;9449786924;S
20240122;100401;274.71;2290;9449786925;S
20240122;100401;274.7;50;9449786972;B
20240122;100401;274.69;100;9449787017;S
20240122;100402;274.7;10;9449787111;B
20240122;100402;274.69;40;9449787221;S
20240122;100402;274.7;340;9449787251;B
20240122;100402;274.71;1780;9449787252;B
20240122;100403;274.69;10;9449787328;S
20240122;100403;274.7;10;9449787372;B
20240122;100403;274.69;10;9449787426;S
20240122;100404;274.69;10;9449787521;S
20240122;100404;274.69;10;9449787684;S
20240122;100405;274.69;10;9449787850;S
20240122;100405;274.69;10;9449787900;S
20240122;100405;274.69;10;9449787910;S
20240122;100406;274.69;1790;9449787943;S
20240122;100406;274.69;50;9449787944;S
20240122;100406;274.69;10;9449787945;S
20240122;100406;274.69;50;9449787946;S
20240122;100406;274.65;300;9449787947;S
20240122;100406;274.65;10;9449787948;S
20240122;100406;274.65;20;9449787949;S
20240122;100406;274.65;50;9449787950;S
20240122;100406;274.64;10;9449787951;S
20240122;100406;274.64;10;9449787952;S
20240122;100406;274.64;740;9449787953;S
20240122;100406;274.63;960;9449787954;S
20240122;100406;274.64;10;9449788077;S
20240122;100407;274.65;10;9449788208;S
20240122;100407;274.66;120;9449788256;S
20240122;100407;274.65;680;9449788257;S
20240122;100407;274.65;10;9449788265;S
20240122;100408;274.69;200;9449788429;B
20240122;100408;274.66;10;9449788555;S
20240122;100408;274.66;20;9449788570;S
20240122;100408;274.66;10;9449788612;S
20240122;100409;274.66;10;9449788795;S
20240122;100409;274.66;70;9449788876;S
20240122;100410;274.66;10;9449788973;S
20240122;100410;274.66;20;9449789118;S
20240122;100410;274.66;10;9449789119;S
20240122;100410;274.68;10;9449789123;B
20240122;100410;274.69;100;9449789124;B
20240122;100410;274.69;370;9449789125;B
20240122;100410;274.69;30;9449789126;B
20240122;100410;274.7;250;9449789127;B
20240122;100410;274.7;510;9449789128;B
20240122;100411;274.66;10;9449789236;S
20240122;100411;274.68;10;9449789342;S
20240122;100412;274.68;10;9449789414;S
20240122;100412;274.69;400;9449789455;B
20240122;100412;274.69;340;9449789456;B
20240122;100412;274.69;1100;9449789457;B
20240122;100412;274.69;370;9449789458;B
20240122;100412;274.7;790;9449789459;B
20240122;100412;274.69;30;9449789558;B
20240122;100412;274.68;10;9449789613;S
20240122;100412;274.69;10;9449789625;B
20240122;100413;274.69;10;9449789645;B
20240122;100413;274.68;100;9449789699;S
20240122;100413;274.68;10;9449789798;S
20240122;100413;274.69;10;9449789867;B
20240122;100414;274.68;10;9449789922;S
20240122;100414;274.68;350;9449790009;S
20240122;100414;274.68;30;9449790010;S
20240122;100414;274.67;30;9449790011;S
20240122;100414;274.67;50;9449790012;S
20240122;100414;274.66;50;9449790013;S
20240122;100414;274.65;50;9449790014;S
20240122;100414;274.65;50;9449790015;S
20240122;100414;274.65;50;9449790016;S
20240122;100414;274.63;80;9449790017;S
20240122;100414;274.64;10;9449790033;S
20240122;100415;274.65;10;9449790128;S
20240122;100415;274.65;10;9449790234;S
20240122;100416;274.63;300;9449790464;S
20240122;100416;274.63;10;9449790465;S
20240122;100416;274.63;10;9449790466;S
20240122;100416;274.63;50;9449790467;S
20240122;100416;274.63;400;9449790468;S
20240122;100417;274.62;100;9449790547;B
20240122;100418;274.62;20;9449790690;B
20240122;100419;274.61;50;9449790964;S
20240122;100419;274.61;1350;9449790965;S
20240122;100420;274.6;20;9449791016;S
20240122;100420;274.6;10;9449791059;S
20240122;100420;274.6;50;9449791164;S
20240122;100420;274.6;20;9449791180;S
20240122;100420;274.6;10;9449791181;S
20240122;100420;274.6;180;9449791182;S
20240122;100420;274.6;70;9449791183;S
20240122;100420;274.6;10;9449791184;S
20240122;100420;274.57;10;9449791185;S
20240122;100420;274.55;710;9449791186;S
20240122;100420;274.55;290;9449791188;S
20240122;100420;274.55;50;9449791189;S
20240122;100420;274.54;10;9449791190;S
20240122;100420;274.54;400;9449791191;S
20240122;100420;274.53;250;9449791192;S
20240122;100421;274.54;400;9449791258;S
20240122;100421;274.53;1600;9449791259;S
20240122;100421;274.53;1000;9449791266;S
20240122;100421;274.53;570;9449791267;S
20240122;100421;274.62;280;9449791324;B
20240122;100421;274.62;100;9449791325;B
20240122;100421;274.62;10;9449791326;B
20240122;100421;274.62;100;9449791327;B
20240122;100421;274.63;9510;9449791328;B
20240122;100421;274.62;50;9449791332;B
20240122;100421;274.62;50;9449791333;B
20240122;100421;274.62;10;9449791394;B
20240122;100422;274.62;290;9449791411;B
20240122;100422;274.63;110;9449791412;B
20240122;100422;274.62;10;9449791446;B
20240122;100423;274.56;50;9449791741;S
20240122;100423;274.55;200;9449791742;S
20240122;100423;274.54;50;9449791743;S
20240122;100423;274.53;430;9449791744;S
20240122;100423;274.52;60;9449791745;S
20240122;100423;274.52;50;9449791746;S
20240122;100423;274.52;160;9449791747;S
20240122;100425;274.58;20;9449792004;B
20240122;100425;274.59;60;9449792005;B
20240122;100425;274.6;180;9449792080;B
20240122;100425;274.6;10;9449792092;B
20240122;100426;274.6;100;9449792235;B
20240122;100426;274.6;10;9449792259;B
20240122;100427;274.59;10;9449792370;B
20240122;100427;274.59;160;9449792405;S
20240122;100427;274.59;400;9449792406;S
20240122;100427;274.57;440;9449792407;S
20240122;100428;274.57;10;9449792499;S
20240122;100428;274.6;50;9449792565;B
20240122;100429;274.57;10;9449792656;S
20240122;100429;274.58;10;9449792795;S
20240122;100430;274.57;20;9449792917;S
20240122;100430;274.58;10;9449793000;S
20240122;100431;274.58;10;9449793077;S
20240122;100431;274.59;10;9449793182;S
20240122;100432;274.59;290;9449793270;S
20240122;100432;274.59;40;9449793288;S
20240122;100432;274.59;10;9449793373;S
20240122;100432;274.6;100;9449793395;B
20240122;100433;274.6;20;9449793487;B
20240122;100433;274.59;10;9449793532;S
20240122;100433;274.6;30;9449793582;B
20240122;100434;274.59;10;9449793631;S
20240122;100434;274.6;30;9449793634;B
20240122;100434;274.59;10;9449793659;S
20240122;100434;274.59;10;9449793724;S
20240122;100435;274.59;10;9449793792;S
20240122;100435;274.59;400;9449793965;B
20240122;100435;274.59;50;9449793994;B
20240122;100435;274.59;10;9449794014;B
20240122;100436;274.59;10;9449794047;B
20240122;100436;274.58;30;9449794048;S
20240122;100436;274.58;10;9449794057;S
20240122;100436;274.58;460;9449794088;S
20240122;100436;274.58;10;9449794089;S
20240122;100436;274.58;50;9449794090;S
20240122;100437;274.59;20;9449794232;B
20240122;100437;274.59;370;9449794238;B
20240122;100437;274.59;590;9449794239;B
20240122;100437;274.58;100;9449794242;S
20240122;100437;274.58;200;9449794243;S
20240122;100437;274.58;200;9449794244;S
20240122;100437;274.58;300;9449794245;S
20240122;100437;274.58;100;9449794246;S
20240122;100437;274.58;100;9449794247;S
20240122;100437;274.59;120;9449794291;B
20240122;100437;274.59;130;9449794292;B
20240122;100437;274.58;100;9449794301;S
20240122;100437;274.58;30;9449794324;S
20240122;100438;274.59;100;9449794484;B
20240122;100438;274.57;10;9449794497;S
20240122;100438;274.57;500;9449794498;S
20240122;100438;274.56;50;9449794499;S
20240122;100438;274.55;50;9449794500;S
20240122;100438;274.55;10;9449794501;S
20240122;100438;274.55;10;9449794502;S
20240122;100438;274.54;50;9449794503;S
20240122;100438;274.52;200;9449794504;S
20240122;100438;274.52;20;9449794505;S
20240122;100438;274.51;100;9449794506;S
20240122;100438;274.51;10;9449794507;S
20240122;100438;274.51;20;9449794508;S
20240122;100438;274.51;100;9449794509;S
20240122;100438;274.51;10;9449794510;S
20240122;100438;274.5;50;9449794511;S
20240122;100438;274.5;10;9449794512;S
20240122;100438;274.5;10;9449794513;S
20240122;100438;274.5;10;9449794514;S
20240122;100438;274.5;10;9449794515;S
20240122;100438;274.5;400;9449794516;S
20240122;100438;274.5;10;9449794517;S
20240122;100438;274.5;10;9449794518;S
20240122;100438;274.5;10;9449794519;S
20240122;100438;274.5;180;9449794520;S
20240122;100438;274.5;20;9449794521;S
20240122;100438;274.5;120;9449794522;S
20240122;100438;274.5;10;9449794523;S
20240122;100438;274.5;150;9449794524;S
20240122;100438;274.5;30;9449794525;S
20240122;100438;274.5;100;9449794526;S
20240122;100438;274.5;50;9449794527;S
20240122;100438;274.5;1000;9449794528;S
20240122;100438;274.5;20;9449794529;S
20240122;100438;274.5;10;9449794530;S
20240122;100438;274.5;100;9449794531;S
20240122;100438;274.5;10;9449794532;S
20240122;100438;274.5;100;9449794533;S
20240122;100438;274.5;20;9449794534;S
20240122;100438;274.5;30;9449794535;S
20240122;100438;274.5;10;9449794536;S
20240122;100438;274.5;100;9449794537;S
20240122;100438;274.5;20;9449794538;S
20240122;100438;274.5;10;9449794539;S
20240122;100438;274.5;90;9449794540;S
20240122;100438;274.5;20;9449794541;S
20240122;100438;274.49;50;9449794542;S
20240122;100438;274.48;10;9449794543;S
20240122;100438;274.47;10;9449794544;S
20240122;100438;274.47;100;9449794545;S
20240122;100438;274.47;500;9449794546;S
20240122;100438;274.46;80;9449794547;S
20240122;100438;274.46;10;9449794548;S
20240122;100438;274.46;300;9449794549;S
20240122;100438;274.46;370;9449794550;S
20240122;100438;274.45;10;9449794551;S
20240122;100438;274.45;1000;9449794552;S
20240122;100438;274.45;1000;9449794553;S
20240122;100438;274.44;50;9449794554;S
20240122;100438;274.43;710;9449794555;S
20240122;100438;274.42;710;9449794556;S
20240122;100438;274.42;1100;9449794557;S
20240122;100438;274.41;500;9449794558;S
20240122;100438;274.41;200;9449794559;S
20240122;100438;274.41;710;9449794560;S
20240122;100438;274.41;400;9449794561;S
20240122;100438;274.4;20;9449794562;S
20240122;100438;274.4;20;9449794563;S
20240122;100438;274.4;10;9449794564;S
20240122;100438;274.4;10;9449794565;S
20240122;100438;274.4;180;9449794566;S
20240122;100438;274.4;10;9449794567;S
20240122;100438;274.4;200;9449794568;S
20240122;100438;274.4;350;9449794569;S
20240122;100438;274.4;90;9449794570;S
20240122;100438;274.4;710;9449794571;S
20240122;100438;274.39;710;9449794572;S
20240122;100438;274.39;370;9449794573;S
20240122;100438;274.38;90;9449794574;S
20240122;100438;274.38;710;9449794575;S
20240122;100438;274.38;2000;9449794576;S
20240122;100438;274.37;100;9449794577;S
20240122;100438;274.37;710;9449794578;S
20240122;100438;274.37;2000;9449794579;S
20240122;100438;274.36;30;9449794580;S
20240122;100438;274.42;450;9449794582;S
20240122;100438;274.42;500;9449794583;S
20240122;100438;274.42;50;9449794593;S
20240122;100438;274.37;2330;9449794594;S
20240122;100438;274.37;1580;9449794595;S
20240122;100438;274.37;1100;9449794596;S
20240122;100438;274.36;370;9449794597;S
20240122;100438;274.34;150;9449794598;S
20240122;100438;274.34;200;9449794599;S
20240122;100438;274.34;500;9449794600;S
20240122;100438;274.33;1000;9449794601;S
20240122;100438;274.33;10;9449794602;S
20240122;100438;274.33;20;9449794603;S
20240122;100438;274.33;2000;9449794604;S
20240122;100438;274.33;690;9449794605;S
20240122;100438;274.41;800;9449794607;S
20240122;100438;274.38;500;9449794609;B
20240122;100438;274.4;400;9449794610;S
20240122;100438;274.41;50;9449794615;B
20240122;100438;274.37;10;9449794628;S
20240122;100438;274.39;50;9449794639;B
20240122;100438;274.37;40;9449794680;S
20240122;100439;274.32;50;9449794729;S
20240122;100439;274.36;170;9449794730;B
20240122;100439;274.32;110;9449794734;S
20240122;100439;274.36;20;9449794735;B
20240122;100439;274.32;200;9449794741;S
20240122;100439;274.36;10;9449794743;B
20240122;100439;274.35;10;9449794747;S
20240122;100439;274.32;100;9449794748;S
20240122;100439;274.31;10;9449794749;S
20240122;100439;274.31;880;9449794750;S
20240122;100439;274.31;20;9449794767;S
20240122;100439;274.37;10;9449794788;B
20240122;100439;274.37;100;9449794813;B
20240122;100439;274.37;10;9449794815;B
20240122;100439;274.37;10;9449794827;B
20240122;100439;274.31;400;9449794828;S
20240122;100439;274.31;600;9449794829;S
20240122;100439;274.37;20;9449794863;B
20240122;100439;274.36;20;9449794880;B
20240122;100440;274.37;50;9449795068;B
20240122;100440;274.38;450;9449795069;B
20240122;100441;274.41;70;9449795147;B
20240122;100441;274.38;50;9449795196;S
20240122;100442;274.42;20;9449795521;B
20240122;100443;274.42;270;9449795750;B
20240122;100444;274.4;50;9449795795;S
20240122;100444;274.4;30;9449795796;S
20240122;100444;274.42;210;9449795797;B
20240122;100444;274.43;800;9449795798;B
20240122;100444;274.43;1000;9449795799;B
20240122;100444;274.43;200;9449795800;B
20240122;100444;274.44;710;9449795801;B
20240122;100444;274.44;500;9449795834;S
20240122;100444;274.47;100;9449795914;B
20240122;100444;274.44;300;9449795923;S
20240122;100444;274.47;610;9449795989;B
20240122;100444;274.48;390;9449795990;B
20240122;100444;274.47;50;9449795993;B
20240122;100445;274.47;10;9449796144;B
20240122;100446;274.46;10;9449796215;S
20240122;100446;274.46;40;9449796216;S
20240122;100446;274.45;30;9449796246;S
20240122;100446;274.45;60;9449796247;S
20240122;100446;274.46;50;9449796356;S
20240122;100446;274.45;40;9449796357;S
20240122;100446;274.45;50;9449796358;S
20240122;100446;274.44;1280;9449796359;S
20240122;100446;274.44;50;9449796360;S
20240122;100446;274.43;50;9449796361;S
20240122;100446;274.43;50;9449796362;S
20240122;100446;274.42;400;9449796363;S
20240122;100446;274.4;50;9449796364;S
20240122;100446;274.4;50;9449796365;S
20240122;100446;274.38;900;9449796476;S
20240122;100446;274.37;100;9449796477;S
20240122;100447;274.37;100;9449796565;S
20240122;100448;274.39;50;9449796621;B
20240122;100448;274.38;30;9449796670;S
20240122;100448;274.37;250;9449796671;S
20240122;100448;274.39;10;9449796739;B
20240122;100448;274.39;100;9449796752;B
20240122;100449;274.38;10;9449796802;S
20240122;100449;274.37;40;9449796803;S
20240122;100449;274.37;30;9449796852;S
20240122;100449;274.39;10;9449796860;B
20240122;100449;274.37;10;9449796879;S
20240122;100450;274.38;500;9449797052;S
20240122;100451;274.38;100;9449797130;S
20240122;100451;274.39;40;9449797190;B
20240122;100451;274.39;190;9449797244;B
20240122;100451;274.39;170;9449797245;B
20240122;100451;274.39;100;9449797246;B
20240122;100451;274.4;9540;9449797247;B
20240122;100452;274.4;40;9449797271;B
20240122;100452;274.4;4010;9449797287;B
20240122;100452;274.44;400;9449797288;B
20240122;100452;274.48;100;9449797391;B
20240122;100452;274.46;200;9449797402;S
20240122;100453;274.46;200;9449797563;S
20240122;100453;274.46;110;9449797564;S
20240122;100453;274.46;570;9449797597;S
20240122;100453;274.48;100;9449797603;B
20240122;100454;274.47;250;9449797627;S
20240122;100454;274.47;150;9449797670;S
20240122;100454;274.47;10;9449797671;S
20240122;100454;274.46;370;9449797672;S
20240122;100454;274.46;370;9449797673;S
20240122;100454;274.46;1100;9449797674;S
20240122;100454;274.45;1000;9449797675;S
20240122;100454;274.47;10;9449797728;S
20240122;100454;274.46;60;9449797729;S
20240122;100456;274.48;590;9449798083;B
20240122;100456;274.48;10;9449798179;B
20240122;100456;274.48;100;9449798184;B
20240122;100457;274.48;50;9449798386;B
20240122;100457;274.48;410;9449798388;B
20240122;100457;274.47;100;9449798481;S
20240122;100457;274.46;1100;9449798482;S
20240122;100457;274.46;370;9449798483;S
20240122;100457;274.46;370;9449798484;S
20240122;100457;274.46;100;9449798485;S
20240122;100457;274.46;400;9449798486;S
20240122;100457;274.45;1310;9449798487;S
20240122;100457;274.47;400;9449798502;B
20240122;100457;274.48;250;9449798503;B
20240122;100457;274.49;1350;9449798504;B
20240122;100458;274.48;10;9449798625;B
20240122;100500;274.48;110;9449798847;B
20240122;100500;274.49;290;9449798848;B
20240122;100500;274.49;3450;9449798849;B
20240122;100500;274.5;300;9449798850;B
20240122;100500;274.5;1500;9449798851;B
20240122;100500;274.5;40;9449798852;B
20240122;100500;274.56;1000;9449798926;S
20240122;100500;274.56;400;9449798927;S
20240122;100500;274.51;1100;9449798928;S
20240122;100500;274.51;370;9449798929;S
20240122;100500;274.51;330;9449798930;S
20240122;100500;274.52;400;9449798936;S
20240122;100500;274.51;1100;9449798937;S
20240122;100500;274.5;4310;9449798938;S
20240122;100500;274.5;2300;9449798939;S
20240122;100500;274.5;400;9449799092;B
20240122;100500;274.46;100;9449799102;S
20240122;100500;274.46;400;9449799103;S
20240122;100501;274.46;100;9449799254;S
20240122;100501;274.49;10;9449799276;B
20240122;100501;274.46;40;9449799327;S
20240122;100503;274.48;10;9449799673;B
20240122;100504;274.47;240;9449800025;S
20240122;100505;274.48;10;9449800277;B
20240122;100505;274.47;100;9449800303;S
20240122;100505;274.46;40;9449800354;S
20240122;100507;274.48;20;9449800618;B
20240122;100507;274.46;40;9449800723;S
20240122;100508;274.48;100;9449800868;B
20240122;100509;274.48;30;9449801113;B
20240122;100510;274.48;210;9449801368;B
20240122;100510;274.48;590;9449801564;B
20240122;100511;274.48;170;9449801732;B
20240122;100513;274.5;50;9449802018;B
20240122;100515;274.5;3000;9449802388;B
20240122;100515;274.49;20;9449802444;S
20240122;100515;274.48;30;9449802445;S
20240122;100515;274.48;10;9449802446;S
20240122;100515;274.47;10;9449802481;S
20240122;100515;274.47;20;9449802567;S
20240122;100516;274.46;240;9449802619;S
20240122;100516;274.48;140;9449802800;B
20240122;100516;274.48;50;9449802801;B
20240122;100516;274.48;200;9449802802;B
20240122;100516;274.5;6350;9449802803;B
20240122;100516;274.5;70;9449802804;B
20240122;100516;274.5;100;9449802805;B
20240122;100516;274.53;750;9449802806;B
20240122;100516;274.53;400;9449802807;B
20240122;100516;274.54;750;9449802808;B
20240122;100516;274.54;2000;9449802809;B
20240122;100516;274.54;1450;9449802810;B
20240122;100516;274.55;750;9449802811;B
20240122;100516;274.55;710;9449802812;B
20240122;100516;274.55;300;9449802813;B
20240122;100516;274.55;4000;9449802814;B
20240122;100516;274.56;710;9449802815;B
20240122;100516;274.56;750;9449802816;B
20240122;100516;274.56;40;9449802817;B
20240122;100516;274.56;2000;9449802818;B
20240122;100516;274.57;710;9449802819;B
20240122;100516;274.57;750;9449802820;B
20240122;100516;274.57;120;9449802821;B
20240122;100516;274.57;2000;9449802822;B
20240122;100516;274.58;100;9449802823;B
20240122;100516;274.58;280;9449802824;B
20240122;100516;274.58;710;9449802825;B
20240122;100516;274.58;750;9449802826;B
20240122;100516;274.58;2000;9449802827;B
20240122;100516;274.59;100;9449802828;B
20240122;100516;274.59;100;9449802829;B
20240122;100516;274.59;710;9449802830;B
20240122;100516;274.59;750;9449802831;B
20240122;100516;274.6;70;9449802832;B
20240122;100516;274.6;230;9449802833;B
20240122;100516;274.6;710;9449802834;B
20240122;100516;274.6;750;9449802835;B
20240122;100516;274.61;750;9449802836;B
20240122;100516;274.61;710;9449802837;B
20240122;100516;274.61;1000;9449802838;B
20240122;100516;274.62;750;9449802839;B
20240122;100516;274.62;710;9449802840;B
20240122;100516;274.62;2000;9449802841;B
20240122;100516;274.63;750;9449802842;B
20240122;100516;274.63;710;9449802843;B
20240122;100516;274.63;2000;9449802844;B
20240122;100516;274.64;750;9449802845;B
20240122;100516;274.64;120;9449802846;B
20240122;100516;274.64;710;9449802847;B
20240122;100516;274.65;750;9449802848;B
20240122;100516;274.66;750;9449802849;B
20240122;100516;274.66;2000;9449802850;B
20240122;100516;274.67;750;9449802851;B
20240122;100516;274.68;750;9449802852;B
20240122;100516;274.68;1680;9449802853;B
20240122;100517;274.61;50;9449803020;S
20240122;100517;274.63;50;9449803088;B
20240122;100517;274.63;250;9449803089;B
20240122;100518;274.68;20;9449803240;B
20240122;100519;274.63;150;9449803330;S
20240122;100520;274.65;100;9449803486;S
20240122;100521;274.66;10;9449803797;S
20240122;100521;274.65;60;9449803798;S
20240122;100522;274.67;10;9449804042;B
20240122;100522;274.67;10;9449804228;B
20240122;100524;274.67;10;9449804485;B
20240122;100524;274.64;20;9449804489;S
20240122;100524;274.64;180;9449804508;S
20240122;100525;274.67;10;9449804553;B
20240122;100525;274.65;20;9449804647;S
20240122;100526;274.65;100;9449804730;B
20240122;100526;274.61;1100;9449804762;S
20240122;100526;274.6;200;9449804763;S
20240122;100527;274.58;10;9449804863;S
20240122;100527;274.61;370;9449804866;B
20240122;100527;274.62;360;9449804867;B
20240122;100527;274.62;770;9449804868;B
20240122;100527;274.58;10;9449804916;S
20240122;100527;274.58;1000;9449804955;S
20240122;100528;274.57;540;9449805060;S
20240122;100528;274.57;710;9449805061;S
20240122;100528;274.56;710;9449805062;S
20240122;100528;274.56;400;9449805063;S
20240122;100528;274.55;640;9449805064;S
20240122;100528;274.57;290;9449805134;B
20240122;100529;274.57;10;9449805274;B
20240122;100531;274.57;100;9449805661;B
20240122;100531;274.58;1550;9449805662;B
20240122;100531;274.58;350;9449805663;B
20240122;100531;274.58;400;9449805666;B
20240122;100531;274.58;20;9449805676;S
20240122;100531;274.59;370;9449805696;S
20240122;100531;274.58;30;9449805697;S
20240122;100531;274.58;2550;9449805698;S
20240122;100531;274.57;400;9449805699;S
20240122;100531;274.51;10;9449805712;S
20240122;100531;274.51;470;9449805716;S
20240122;100532;274.56;10;9449805875;B
20240122;100532;274.52;40;9449805969;S
20240122;100532;274.52;150;9449805970;S
20240122;100533;274.57;20;9449806053;B
20240122;100534;274.56;10;9449806170;B
20240122;100535;274.56;30;9449806318;B
20240122;100535;274.57;120;9449806319;B
20240122;100535;274.6;380;9449806320;B
20240122;100535;274.61;750;9449806321;B
20240122;100535;274.61;160;9449806322;B
20240122;100535;274.61;400;9449806323;B
20240122;100535;274.62;750;9449806324;B
20240122;100535;274.62;410;9449806325;B
20240122;100535;274.66;710;9449806326;B
20240122;100535;274.66;400;9449806327;B
20240122;100535;274.66;890;9449806328;B
20240122;100536;274.64;10;9449806635;B
20240122;100536;274.63;10;9449806704;B
20240122;100537;274.62;10;9449806873;B
20240122;100539;274.58;400;9449807148;S
20240122;100539;274.57;20;9449807149;S
20240122;100539;274.57;10;9449807150;S
20240122;100539;274.57;10;9449807151;S
20240122;100539;274.56;20;9449807152;S
20240122;100539;274.56;130;9449807153;S
20240122;100540;274.62;70;9449807302;B
20240122;100540;274.64;30;9449807303;B
20240122;100540;274.57;290;9449807361;S
20240122;100542;274.59;10;9449807662;B
20240122;100542;274.57;10;9449807669;S
20240122;100542;274.59;10;9449807803;B
20240122;100543;274.59;10;9449807887;B
20240122;100543;274.59;20;9449807913;B
20240122;100543;274.59;70;9449807966;B
20240122;100544;274.59;10;9449808211;B
20240122;100544;274.57;10;9449808216;S
20240122;100544;274.6;100;9449808348;B
20240122;100545;274.6;20;9449808531;B
20240122;100545;274.6;10;9449808580;S
20240122;100546;274.62;10;9449808723;S
20240122;100546;274.6;20;9449808724;S
20240122;100546;274.59;60;9449808725;S
20240122;100547;274.63;40;9449808839;B
20240122;100547;274.59;70;9449808915;S
20240122;100547;274.59;240;9449808950;S
20240122;100547;274.59;120;9449808951;S
20240122;100548;274.64;20;9449809058;B
20240122;100549;274.6;10;9449809291;S
20240122;100550;274.64;20;9449809379;B
20240122;100550;274.64;20;9449809380;B
20240122;100550;274.64;20;9449809436;B
20240122;100551;274.64;30;9449809542;S
20240122;100551;274.62;20;9449809543;S
20240122;100551;274.61;370;9449809544;S
20240122;100551;274.6;370;9449809545;S
20240122;100551;274.6;210;9449809546;S
20240122;100552;274.65;20;9449809710;B
20240122;100552;274.64;480;9449809800;S
20240122;100552;274.63;80;9449809801;S
20240122;100553;274.63;370;9449809864;S
20240122;100553;274.63;630;9449809865;S
20240122;100553;274.62;230;9449809898;S
20240122;100556;274.64;20;9449810284;B
20240122;100556;274.64;250;9449810343;B
20240122;100557;274.64;730;9449810620;B
20240122;100557;274.65;270;9449810621;B
20240122;100559;274.65;100;9449810940;B
20240122;100600;274.65;500;9449811163;B
20240122;100600;274.62;500;9449811230;S
20240122;100600;274.62;50;9449811231;S
20240122;100600;274.61;370;9449811232;S
20240122;100600;274.61;370;9449811233;S
20240122;100600;274.61;680;9449811234;S
20240122;100600;274.61;30;9449811235;S
20240122;100601;274.62;100;9449811333;S
20240122;100601;274.62;1000;9449811453;S
20240122;100602;274.61;460;9449811568;S
20240122;100602;274.62;10;9449811574;B
20240122;100602;274.62;20;9449811606;B
20240122;100603;274.62;10;9449811780;B
20240122;100606;274.61;50;9449812355;S
20240122;100607;274.62;10;9449812528;B
20240122;100608;274.62;10;9449812669;B
20240122;100612;274.62;10;9449813540;B
20240122;100612;274.62;1010;9449813549;B
20240122;100613;274.62;340;9449813677;B
20240122;100614;274.62;20;9449813799;B
20240122;100614;274.61;1000;9449813848;S
20240122;100614;274.61;50;9449813849;S
20240122;100614;274.61;20;9449813850;S
20240122;100614;274.6;1100;9449813851;S
20240122;100614;274.6;800;9449813852;S
20240122;100614;274.6;10;9449813853;S
20240122;100614;274.59;60;9449813854;S
20240122;100614;274.59;370;9449813855;S
20240122;100614;274.58;500;9449813856;S
20240122;100614;274.58;1450;9449813857;S
20240122;100614;274.57;500;9449813858;S
20240122;100614;274.57;710;9449813859;S
20240122;100614;274.57;750;9449813860;S
20240122;100614;274.57;200;9449813861;S
20240122;100614;274.57;400;9449813862;S
20240122;100614;274.56;170;9449813863;S
20240122;100614;274.56;750;9449813864;S
20240122;100614;274.56;710;9449813865;S
20240122;100614;274.55;750;9449813866;S
20240122;100614;274.55;710;9449813867;S
20240122;100614;274.55;100;9449813868;S
20240122;100614;274.55;370;9449813869;S
20240122;100614;274.54;500;9449813870;S
20240122;100614;274.54;710;9449813871;S
20240122;100614;274.54;500;9449813872;S
20240122;100614;274.54;750;9449813873;S
20240122;100614;274.54;40;9449813874;S
20240122;100614;274.53;710;9449813875;S
20240122;100614;274.53;750;9449813876;S
20240122;100614;274.53;400;9449813877;S
20240122;100614;274.53;2380;9449813878;S
20240122;100614;274.58;370;9449813913;B
20240122;100614;274.59;1500;9449813914;B
20240122;100614;274.59;130;9449813915;B
20240122;100615;274.6;170;9449814080;B
20240122;100615;274.54;10;9449814120;S
20240122;100615;274.6;200;9449814167;B
20240122;100616;274.6;30;9449814413;B
20240122;100616;274.6;20;9449814414;B
20240122;100616;274.61;1320;9449814415;B
20240122;100617;274.6;20;9449814560;B
20240122;100617;274.6;10;9449814586;B
20240122;100617;274.58;20;9449814664;B
20240122;100617;274.59;20;9449814665;B
20240122;100617;274.59;20;9449814692;B
20240122;100620;274.61;10;9449815272;B
20240122;100620;274.61;20;9449815292;B
20240122;100620;274.61;10;9449815299;B
20240122;100622;274.59;150;9449815563;B
20240122;100623;274.6;10;9449815770;B
20240122;100623;274.6;30;9449815771;B
20240122;100623;274.57;50;9449815772;S
20240122;100623;274.6;20;9449815837;B
20240122;100623;274.6;20;9449816011;B
20240122;100624;274.58;20;9449816065;S
20240122;100624;274.57;450;9449816066;S
20240122;100624;274.56;20;9449816067;S
20240122;100624;274.54;80;9449816068;S
20240122;100624;274.54;370;9449816069;S
20240122;100624;274.54;400;9449816070;S
20240122;100624;274.54;10;9449816071;S
20240122;100624;274.54;370;9449816072;S
20240122;100624;274.53;1460;9449816073;S
20240122;100624;274.54;370;9449816164;S
20240122;100624;274.54;230;9449816165;S
20240122;100625;274.59;20;9449816475;B
20240122;100625;274.59;10;9449816495;B
20240122;100625;274.6;10;9449816496;B
20240122;100627;274.6;10;9449816722;B
20240122;100629;274.6;40;9449816960;B
20240122;100629;274.6;20;9449816961;B
20240122;100629;274.61;50;9449816962;B
20240122;100629;274.61;260;9449816963;B
20240122;100629;274.59;10;9449816977;S
20240122;100630;274.59;10;9449817285;S
20240122;100631;274.61;10;9449817386;B
20240122;100631;274.61;90;9449817455;B
20240122;100632;274.6;10;9449817530;S
20240122;100632;274.59;20;9449817531;S
20240122;100632;274.61;600;9449817614;B
20240122;100633;274.6;10;9449817744;S
20240122;100633;274.6;400;9449817772;B
20240122;100634;274.6;100;9449817981;S
20240122;100637;274.6;10;9449818360;B
20240122;100637;274.6;100;9449818390;B
20240122;100637;274.6;10;9449818399;B
20240122;100638;274.59;80;9449818625;S
20240122;100638;274.55;10;9449818626;S
20240122;100638;274.55;110;9449818627;S
20240122;100643;274.6;30;9449819340;B
20240122;100644;274.6;10;9449819474;B
20240122;100644;274.59;10;9449819652;S
20240122;100646;274.57;20;9449819825;S
20240122;100648;274.59;10;9449820135;B
20240122;100648;274.59;50;9449820136;B
20240122;100648;274.6;90;9449820137;B
20240122;100648;274.6;10;9449820138;B
20240122;100648;274.6;1000;9449820139;B
20240122;100648;274.6;400;9449820140;B
20240122;100648;274.61;10;9449820192;B
20240122;100648;274.61;30;9449820206;B
20240122;100649;274.61;530;9449820402;B
20240122;100649;274.62;1100;9449820403;B
20240122;100649;274.64;10;9449820550;B
20240122;100650;274.63;10;9449820615;B
20240122;100652;274.6;340;9449820882;S
20240122;100654;274.6;10;9449821136;S
20240122;100654;274.63;10;9449821140;B
20240122;100654;274.63;20;9449821211;B
20240122;100655;274.63;10;9449821230;B
20240122;100655;274.63;40;9449821231;B
20240122;100655;274.61;400;9449821313;S
20240122;100655;274.6;600;9449821314;S
20240122;100656;274.64;10;9449821479;B
20240122;100658;274.64;30;9449821768;B
20240122;100658;274.63;70;9449821854;S
20240122;100701;274.64;10;9449822818;B
20240122;100701;274.63;490;9449822893;S
20240122;100702;274.63;10;9449823107;S
20240122;100702;274.63;10;9449823108;S
20240122;100704;274.62;10;9449823543;S
20240122;100704;274.6;50;9449823544;S
20240122;100704;274.6;50;9449823545;S
20240122;100704;274.6;150;9449823546;S
20240122;100705;274.61;370;9449823766;B
20240122;100705;274.61;130;9449823767;B
20240122;100705;274.6;10;9449823774;S
20240122;100705;274.6;20;9449823787;S
20240122;100705;274.6;20;9449823794;S
20240122;100705;274.6;50;9449823934;S
20240122;100706;274.61;10;9449824113;B
20240122;100708;274.6;30;9449824365;S
20240122;100708;274.61;100;9449824450;B
20240122;100710;274.61;30;9449824894;B
20240122;100711;274.6;290;9449825023;S
20240122;100712;274.6;20;9449825087;S
20240122;100712;274.6;120;9449825096;S
20240122;100712;274.6;100;9449825199;S
20240122;100712;274.61;120;9449825218;B
20240122;100715;274.61;50;9449825668;B
20240122;100715;274.6;700;9449825672;S
20240122;100716;274.61;10;9449825822;B
20240122;100716;274.61;10;9449825833;B
20240122;100717;274.61;10;9449825870;B
20240122;100717;274.6;10;9449825909;S
20240122;100717;274.6;100;9449825938;S
20240122;100720;274.61;170;9449826659;B
20240122;100720;274.61;10;9449826660;B
20240122;100721;274.6;70;9449826997;S
20240122;100722;274.61;10;9449827093;B
20240122;100722;274.61;10;9449827148;B
20240122;100724;274.6;1770;9449827493;S
20240122;100724;274.6;200;9449827494;S
20240122;100724;274.6;300;9449827495;S
20240122;100724;274.6;10;9449827496;S
20240122;100724;274.6;20;9449827497;S
20240122;100724;274.6;270;9449827498;S
20240122;100724;274.6;1000;9449827499;S
20240122;100724;274.6;20;9449827500;S
20240122;100724;274.6;180;9449827501;S
20240122;100724;274.6;50;9449827502;S
20240122;100724;274.6;10;9449827503;S
20240122;100724;274.59;130;9449827504;S
20240122;100724;274.56;20;9449827507;B
20240122;100725;274.56;30;9449827576;B
20240122;100725;274.56;100;9449827635;B
20240122;100726;274.55;250;9449827786;S
20240122;100726;274.56;40;9449827803;B
20240122;100727;274.55;10;9449827918;S
20240122;100728;274.56;140;9449828036;B
20240122;100728;274.56;10;9449828109;B
20240122;100729;274.56;10;9449828174;B
20240122;100729;274.55;240;9449828202;S
20240122;100729;274.55;10;9449828203;S
20240122;100729;274.55;10;9449828204;S
20240122;100729;274.55;740;9449828205;S
20240122;100730;274.56;10;9449828445;B
20240122;100730;274.55;10;9449828510;S
20240122;100732;274.55;10;9449828745;S
20240122;100732;274.56;10;9449828945;B
20240122;100733;274.55;100;9449829219;S
20240122;100734;274.55;210;9449829305;S
20240122;100734;274.55;220;9449829306;S
20240122;100735;274.54;300;9449829623;S
20240122;100738;274.55;360;9449830123;B
20240122;100738;274.55;60;9449830163;B
20240122;100740;274.54;60;9449830362;S
20240122;100740;274.55;150;9449830396;B
20240122;100740;274.55;150;9449830397;B
20240122;100741;274.55;10;9449830593;B
20240122;100742;274.55;10;9449830739;B
20240122;100742;274.55;10;9449830740;B
20240122;100742;274.55;40;9449830851;B
20240122;100743;274.55;100;9449830993;B
20240122;100744;274.55;390;9449831044;B
20240122;100744;274.55;1100;9449831045;B
20240122;100744;274.55;370;9449831046;B
20240122;100744;274.55;370;9449831047;B
20240122;100744;274.55;500;9449831048;B
20240122;100744;274.56;710;9449831049;B
20240122;100744;274.56;500;9449831050;B
20240122;100744;274.56;80;9449831051;B
20240122;100744;274.56;400;9449831052;B
20240122;100744;274.57;710;9449831053;B
20240122;100744;274.57;1450;9449831054;B
20240122;100744;274.58;420;9449831055;B
20240122;100745;274.55;10;9449831175;B
20240122;100746;274.55;10;9449831322;B
20240122;100746;274.55;20;9449831344;B
20240122;100747;274.54;130;9449831458;S
20240122;100747;274.54;1060;9449831498;S
20240122;100747;274.54;40;9449831499;S
20240122;100747;274.54;230;9449831500;S
20240122;100747;274.54;10;9449831501;S
20240122;100747;274.54;10;9449831502;S
20240122;100747;274.53;1200;9449831518;S
20240122;100748;274.54;10;9449831679;B
20240122;100748;274.53;170;9449831710;S
20240122;100749;274.53;150;9449831764;S
20240122;100750;274.54;10;9449831961;B
20240122;100750;274.53;3000;9449831971;S
20240122;100750;274.54;180;9449831980;B
20240122;100751;274.54;20;9449832002;B
20240122;100751;274.54;60;9449832089;B
20240122;100751;274.53;1640;9449832099;S
20240122;100751;274.53;2000;9449832100;S
20240122;100751;274.53;2000;9449832101;S
20240122;100751;274.53;10;9449832102;S
20240122;100751;274.53;10;9449832136;B
20240122;100753;274.52;3000;9449832396;S
20240122;100754;274.53;40;9449832511;B
20240122;100756;274.52;130;9449832804;S
20240122;100756;274.53;1180;9449832820;B
20240122;100757;274.52;500;9449832942;S
20240122;100757;274.53;180;9449833011;B
20240122;100759;274.52;10;9449833417;S
20240122;100800;274.53;60;9449833486;B
20240122;100800;274.53;100;9449833548;B
20240122;100800;274.53;260;9449833676;B
20240122;100801;274.52;360;9449833719;S
20240122;100801;274.51;10;9449833720;S
20240122;100801;274.51;140;9449833721;S
20240122;100801;274.51;20;9449833722;S
20240122;100801;274.51;2470;9449833723;S
20240122;100801;274.52;1000;9449833725;B
20240122;100801;274.51;420;9449833727;S
20240122;100801;274.52;200;9449833732;B
20240122;100801;274.52;50;9449833795;B
20240122;100803;274.52;20;9449834101;B
20240122;100803;274.51;50;9449834123;S
20240122;100803;274.51;20;9449834124;S
20240122;100803;274.51;30;9449834125;S
20240122;100803;274.5;10;9449834126;S
20240122;100803;274.5;10;9449834127;S
20240122;100803;274.5;500;9449834128;S
20240122;100803;274.5;500;9449834129;S
20240122;100803;274.5;500;9449834130;S
20240122;100803;274.5;20;9449834131;S
20240122;100803;274.5;10;9449834132;S
20240122;100803;274.5;10;9449834133;S
20240122;100803;274.5;10;9449834134;S
20240122;100803;274.5;300;9449834135;S
20240122;100803;274.5;100;9449834136;S
20240122;100803;274.5;200;9449834137;S
20240122;100803;274.5;10;9449834138;S
20240122;100803;274.5;20;9449834139;S
20240122;100803;274.5;100;9449834140;S
20240122;100803;274.5;10;9449834141;S
20240122;100803;274.5;20000;9449834142;S
20240122;100803;274.5;10;9449834143;S
20240122;100803;274.5;10;9449834144;S
20240122;100803;274.5;10;9449834145;S
20240122;100803;274.5;500;9449834146;S
20240122;100803;274.5;1000;9449834147;S
20240122;100803;274.5;20;9449834148;S
20240122;100803;274.5;2000;9449834149;S
20240122;100803;274.5;60;9449834150;S
20240122;100803;274.5;20;9449834151;S
20240122;100803;274.5;500;9449834152;S
20240122;100803;274.5;140;9449834153;S
20240122;100803;274.51;70;9449834251;B
20240122;100804;274.5;30;9449834330;S
20240122;100804;274.5;10;9449834331;S
20240122;100804;274.5;10;9449834332;S
20240122;100804;274.5;10;9449834333;S
20240122;100804;274.5;10;9449834334;S
20240122;100804;274.5;10;9449834335;S
20240122;100804;274.5;20;9449834336;S
20240122;100804;274.5;10;9449834337;S
20240122;100804;274.5;10;9449834338;S
20240122;100804;274.5;100;9449834339;S
20240122;100804;274.5;120;9449834340;S
20240122;100804;274.49;30;9449834377;S
20240122;100804;274.48;20;9449834378;S
20240122;100804;274.48;100;9449834379;S
20240122;100805;274.48;490;9449834512;S
20240122;100805;274.48;350;9449834513;S
20240122;100805;274.47;50;9449834526;B
20240122;100805;274.46;60;9449834626;S
20240122;100805;274.46;10;9449834627;S
20240122;100805;274.45;460;9449834628;S
20240122;100805;274.45;10;9449834630;S
20240122;100806;274.45;210;9449834719;S
20240122;100807;274.46;100;9449834939;B
20240122;100809;274.45;30;9449835218;S
20240122;100809;274.46;10;9449835220;B
20240122;100809;274.46;20;9449835282;B
20240122;100810;274.45;60;9449835449;S
20240122;100810;274.45;100;9449835471;S
20240122;100810;274.46;50;9449835537;B
20240122;100811;274.45;2000;9449835625;S
20240122;100811;274.46;920;9449835649;B
20240122;100811;274.46;710;9449835650;B
20240122;100811;274.46;1000;9449835651;B
20240122;100811;274.46;400;9449835652;B
20240122;100811;274.46;370;9449835653;B
20240122;100811;274.46;240;9449835654;B
20240122;100811;274.46;300;9449835678;B
20240122;100811;274.46;730;9449835679;B
20240122;100811;274.46;300;9449835721;B
20240122;100811;274.46;10;9449835731;B
20240122;100812;274.45;410;9449835818;S
20240122;100812;274.45;100;9449835819;S
20240122;100812;274.45;300;9449835820;S
20240122;100812;274.45;560;9449835821;S
20240122;100812;274.45;10;9449835822;S
20240122;100812;274.44;10;9449835823;S
20240122;100812;274.44;100;9449835824;S
20240122;100812;274.44;10;9449835825;S
20240122;100812;274.43;10;9449835826;S
20240122;100812;274.42;100;9449835827;S
20240122;100812;274.42;2000;9449835828;S
20240122;100812;274.42;20;9449835829;S
20240122;100812;274.42;50;9449835830;S
20240122;100812;274.41;440;9449835831;S
20240122;100812;274.41;5000;9449835832;S
20240122;100812;274.41;10;9449835833;S
20240122;100812;274.4;10;9449835834;S
20240122;100812;274.4;500;9449835835;S
20240122;100812;274.4;20;9449835836;S
20240122;100812;274.4;10;9449835837;S
20240122;100812;274.4;50;9449835838;S
20240122;100812;274.4;10;9449835839;S
20240122;100812;274.4;3670;9449835840;S
20240122;100812;274.41;400;9449835873;B
20240122;100812;274.41;230;9449835874;B
20240122;100812;274.4;10;9449835887;S
20240122;100813;274.41;100;9449835998;B
20240122;100813;274.41;10;9449836002;B
20240122;100814;274.41;200;9449836156;B
20240122;100814;274.4;610;9449836175;S
20240122;100815;274.4;710;9449836220;S
20240122;100815;274.4;10;9449836221;S
20240122;100815;274.4;20;9449836222;S
20240122;100815;274.4;10;9449836223;S
20240122;100815;274.4;100;9449836224;S
20240122;100815;274.4;10;9449836225;S
20240122;100815;274.4;1000;9449836226;S
20240122;100815;274.4;10;9449836227;S
20240122;100815;274.4;10;9449836228;S
20240122;100815;274.4;30;9449836229;S
20240122;100815;274.39;500;9449836230;S
20240122;100815;274.39;10;9449836231;S
20240122;100815;274.39;10;9449836232;S
20240122;100815;274.37;470;9449836233;S
20240122;100816;274.38;10;9449836468;B
20240122;100817;274.37;10;9449836617;S
20240122;100819;274.37;1100;9449836823;S
20240122;100819;274.37;30;9449836824;S
20240122;100819;274.37;10000;9449836825;S
20240122;100821;274.37;10;9449837193;B
20240122;100821;274.37;20;9449837194;B
20240122;100822;274.36;10;9449837365;S
20240122;100822;274.36;10;9449837366;S
20240122;100822;274.36;10;9449837367;S
20240122;100822;274.36;10;9449837368;S
20240122;100823;274.36;10;9449837516;B
20240122;100823;274.36;10;9449837537;B
20240122;100824;274.36;20;9449837594;B
20240122;100824;274.36;10;9449837625;B
20240122;100824;274.36;10;9449837649;B
20240122;100825;274.36;80;9449837769;B
20240122;100825;274.35;10;9449837800;S
20240122;100825;274.35;1990;9449837801;S
20240122;100825;274.36;10;9449837856;B
20240122;100825;274.36;10;9449837892;B
20240122;100825;274.36;490;9449837898;B
20240122;100826;274.36;20;9449837961;B
20240122;100826;274.36;390;9449838074;B
20240122;100827;274.36;50;9449838103;B
20240122;100827;274.36;10;9449838130;B
20240122;100827;274.35;1000;9449838134;S
20240122;100827;274.35;6870;9449838139;S
20240122;100827;274.35;500;9449838140;S
20240122;100827;274.35;10;9449838141;S
20240122;100827;274.35;200;9449838142;S
20240122;100827;274.35;10;9449838143;S
20240122;100827;274.34;10;9449838197;S
20240122;100827;274.34;100;9449838198;S
20240122;100827;274.33;10;9449838199;S
20240122;100827;274.33;1000;9449838200;S
20240122;100827;274.33;100;9449838201;S
20240122;100827;274.32;1000;9449838202;S
20240122;100827;274.32;10;9449838203;S
20240122;100827;274.32;1770;9449838204;S
