<DATE>;<TIME>;<LAST>;<VOL>;<ID>;<OPER>
20240312;095934;299.6;10;9812956004;B
20240312;095934;299.6;10;9812956005;B
20240312;095934;299.6;220;9812956006;B
20240312;095934;299.6;10;9812956007;S
20240312;095934;299.6;40;9812956008;S
20240312;095934;299.6;370;9812956009;S
20240312;095934;299.6;50;9812956010;S
20240312;095934;299.6;500;9812956011;S
20240312;095934;299.6;10;9812956012;S
20240312;095934;299.6;610;9812956013;S
20240312;095934;299.6;700;9812956014;B
20240312;095934;299.6;120;9812956015;S
20240312;095934;299.6;160;9812956016;S
20240312;095934;299.6;10;9812956017;S
20240312;095934;299.6;1000;9812956018;S
20240312;095934;299.6;20;9812956019;S
20240312;095934;299.6;20;9812956020;S
20240312;095934;299.6;170;9812956021;S
20240312;095934;299.6;300;9812956022;S
20240312;095934;299.6;120;9812956023;S
20240312;095934;299.6;90;9812956024;S
20240312;095934;299.6;50;9812956025;S
20240312;095934;299.6;20;9812956026;S
20240312;095934;299.6;50;9812956027;S
20240312;095934;299.6;70;9812956028;S
20240312;095934;299.6;10;9812956029;S
20240312;095934;299.6;10;9812956030;S
20240312;095934;299.6;200;9812956031;S
20240312;095934;299.6;10;9812956032;S
20240312;095934;299.6;10;9812956033;S
20240312;095934;299.6;400;9812956034;S
20240312;095934;299.6;250;9812956035;S
20240312;095934;299.6;10;9812956036;S
20240312;095934;299.6;160;9812956037;S
20240312;095934;299.6;50;9812956038;S
20240312;095934;299.6;10;9812956039;S
20240312;095934;299.6;10;9812956040;S
20240312;095934;299.6;100;9812956041;S
20240312;095934;299.6;1160;9812956042;S
20240312;095934;299.6;50;9812956043;S
20240312;095934;299.6;400;9812956044;S
20240312;095934;299.6;20;9812956045;S
20240312;095934;299.6;420;9812956046;S
20240312;095934;299.6;20;9812956047;S
20240312;095934;299.6;100;9812956048;S
20240312;095934;299.6;40;9812956049;S
20240312;095934;299.6;80;9812956050;S
20240312;095934;299.6;430;9812956051;S
20240312;095934;299.6;10;9812956052;S
20240312;095934;299.6;20;9812956053;S
20240312;095934;299.6;10;9812956054;S
20240312;095934;299.6;430;9812956055;S
20240312;095934;299.6;100;9812956056;S
20240312;095934;299.6;660;9812956057;S
20240312;095934;299.6;40;9812956058;S
20240312;095934;299.6;700;9812956059;S
20240312;095934;299.6;10;9812956060;B
20240312;095934;299.6;20;9812956061;S
20240312;095934;299.6;700;9812956062;B
20240312;095934;299.6;110;9812956063;B
20240312;095934;299.6;230;9812956064;B
20240312;095934;299.6;10;9812956065;B
20240312;095934;299.6;30;9812956066;B
20240312;095934;299.6;170;9812956067;B
20240312;095934;299.6;6930;9812956068;B
20240312;095934;299.6;10;9812956069;B
20240312;095934;299.6;100;9812956070;B
20240312;095934;299.6;10;9812956071;B
20240312;095934;299.6;10;9812956072;B
20240312;095934;299.6;10;9812956073;B
20240312;095934;299.6;150;9812956074;B
20240312;095934;299.6;10;9812956075;B
20240312;095934;299.6;700;9812956076;B
20240312;095934;299.6;30;9812956077;B
20240312;095934;299.6;10;9812956078;B
20240312;095934;299.6;10;9812956079;B
20240312;095934;299.6;10;9812956080;B
20240312;095934;299.6;40;9812956081;B
20240312;095934;299.6;10;9812956082;B
20240312;095934;299.6;100;9812956083;B
20240312;095934;299.6;140;9812956084;B
20240312;095934;299.6;10;9812956085;B
20240312;095934;299.6;100;9812956086;B
20240312;095934;299.6;250;9812956087;B
20240312;095934;299.6;610;9812956088;B
20240312;095934;299.6;10;9812956089;B
20240312;095934;299.6;250;9812956090;B
20240312;095934;299.6;2000;9812956091;B
20240312;095934;299.6;90;9812956092;B
20240312;095934;299.6;780;9812956093;B
20240312;095934;299.6;100;9812956094;B
20240312;095934;299.6;10;9812956095;B
20240312;095934;299.6;1000;9812956096;B
20240312;095934;299.6;20;9812956097;B
20240312;095934;299.6;10;9812956098;B
20240312;095934;299.6;10;9812956099;B
20240312;095934;299.6;10;9812956100;B
20240312;095934;299.6;10;9812956101;B
20240312;095934;299.6;90;9812956102;B
20240312;095934;299.6;10;9812956103;B
20240312;095934;299.6;250;9812956104;B
20240312;095934;299.6;350;9812956105;B
20240312;095934;299.6;350;9812956106;B
20240312;095934;299.6;200;9812956107;B
20240312;095934;299.6;350;9812956108;S
20240312;095934;299.6;50;9812956109;S
20240312;095934;299.6;200;9812956110;S
20240312;095934;299.6;40;9812956111;S
20240312;095934;299.6;60;9812956112;S
20240312;095934;299.6;20;9812956113;S
20240312;095934;299.6;150;9812956114;S
20240312;095934;299.6;200;9812956115;S
20240312;095934;299.6;10;9812956116;S
20240312;095934;299.6;120;9812956117;S
20240312;095934;299.6;10;9812956118;S
20240312;095934;299.6;10;9812956119;S
20240312;095934;299.6;50;9812956120;B
20240312;095934;299.6;370;9812956121;S
20240312;095934;299.6;1000;9812956122;S
20240312;095934;299.6;1000;9812956123;S
20240312;095934;299.6;350;9812956124;B
20240312;095934;299.6;50;9812956125;S
20240312;095934;299.6;50;9812956126;S
20240312;095934;299.6;350;9812956127;B
20240312;095934;299.6;120;9812956128;S
20240312;095934;299.6;4000;9812956129;S
20240312;095934;299.6;5000;9812956130;S
20240312;095934;299.6;50;9812956131;S
20240312;095934;299.6;350;9812956132;B
20240312;095934;299.6;7310;9812956133;B
20240312;095934;299.6;400;9812956134;B
20240312;095934;299.6;120;9812956135;B
20240312;095934;299.6;40;9812956136;S
20240312;095934;299.6;2130;9812956137;B
20240312;095934;299.6;100;9812956138;B
20240312;095934;299.6;250;9812956139;B
20240312;095934;299.6;20;9812956140;B
20240312;095934;299.6;500;9812956141;B
20240312;095934;299.6;40;9812956142;S
20240312;095934;299.6;460;9812956143;B
20240312;095934;299.6;320;9812956144;S
20240312;095934;299.6;20000;9812956145;S
20240312;095934;299.6;2000;9812956146;S
20240312;095934;299.6;100;9812956147;S
20240312;095934;299.6;20;9812956148;S
20240312;095934;299.6;40;9812956149;S
20240312;095934;299.6;10;9812956150;S
20240312;095934;299.6;60;9812956151;S
20240312;095934;299.6;460;9812956152;S
20240312;095934;299.6;10;9812956153;S
20240312;095934;299.6;5000;9812956154;S
20240312;095934;299.6;20;9812956155;S
20240312;095934;299.6;10;9812956156;S
20240312;095934;299.6;700;9812956157;S
20240312;095934;299.6;3000;9812956158;S
20240312;095934;299.6;18250;9812956159;S
20240312;095934;299.6;4250;9812956160;S
20240312;095934;299.6;10;9812956161;S
20240312;095934;299.6;150;9812956162;S
20240312;095934;299.6;10;9812956163;S
20240312;095934;299.6;10;9812956164;S
20240312;095934;299.6;570;9812956165;S
20240312;095934;299.6;830;9812956166;S
20240312;095934;299.6;10;9812956167;S
20240312;095934;299.6;100;9812956168;S
20240312;095934;299.6;150;9812956169;S
20240312;095934;299.6;5000;9812956170;S
20240312;095934;299.6;10;9812956171;S
20240312;095934;299.6;160;9812956172;S
20240312;095934;299.6;330;9812956173;S
20240312;095934;299.6;20;9812956174;S
20240312;095934;299.6;50;9812956175;S
20240312;095934;299.6;170;9812956176;S
20240312;095934;299.6;10;9812956177;S
20240312;095934;299.6;10;9812956178;S
20240312;095934;299.6;10;9812956179;S
20240312;095934;299.6;100;9812956180;S
20240312;095934;299.6;10;9812956181;S
20240312;095934;299.6;30;9812956182;S
20240312;095934;299.6;10;9812956183;S
20240312;095934;299.6;10;9812956184;S
20240312;095934;299.6;30;9812956185;S
20240312;095934;299.6;210;9812956186;S
20240312;095934;299.6;290;9812956187;S
20240312;095934;299.6;50;9812956188;S
20240312;095934;299.6;400;9812956189;S
20240312;095934;299.6;50;9812956190;S
20240312;095934;299.6;1950;9812956191;S
20240312;095934;299.6;2050;9812956192;S
20240312;095934;299.6;10;9812956193;S
20240312;095934;299.6;20;9812956194;S
20240312;095934;299.6;1000;9812956195;S
20240312;095934;299.6;340;9812956196;S
20240312;095934;299.6;10;9812956197;S
20240312;095934;299.6;10;9812956198;S
20240312;095934;299.6;340;9812956199;S
20240312;095934;299.6;200;9812956200;S
20240312;095934;299.6;200;9812956201;S
20240312;095934;299.6;30;9812956202;S
20240312;095934;299.6;10;9812956203;S
20240312;095934;299.6;200;9812956204;S
20240312;095934;299.6;80;9812956205;S
20240312;095934;299.6;90;9812956206;S
20240312;095934;299.6;10;9812956207;S
20240312;095934;299.6;330;9812956208;S
20240312;095934;299.6;10;9812956209;S
20240312;095934;299.6;10;9812956210;S
20240312;095934;299.6;20;9812956211;S
20240312;095934;299.6;10;9812956212;S
20240312;095934;299.6;10;9812956213;S
20240312;095934;299.6;20;9812956214;S
20240312;095934;299.6;20;9812956215;S
20240312;095934;299.6;30;9812956216;S
20240312;095934;299.6;150;9812956217;S
20240312;095934;299.6;10;9812956218;S
20240312;095934;299.6;10;9812956219;S
20240312;095934;299.6;50;9812956220;S
20240312;095934;299.6;10;9812956221;S
20240312;095934;299.6;10;9812956222;S
20240312;095934;299.6;10;9812956223;S
20240312;095934;299.6;670;9812956224;S
20240312;095934;299.6;10;9812956225;S
20240312;095934;299.6;390;9812956226;S
20240312;095934;299.6;10;9812956227;S
20240312;095934;299.6;20;9812956228;S
20240312;095934;299.6;10;9812956229;S
20240312;095934;299.6;100;9812956230;S
20240312;095934;299.6;3480;9812956231;S
20240312;095934;299.6;6200;9812956232;S
20240312;095934;299.6;10;9812956233;S
20240312;095934;299.6;10;9812956234;S
20240312;095934;299.6;10;9812956235;S
20240312;095934;299.6;10;9812956236;S
20240312;095934;299.6;10;9812956237;S
20240312;095934;299.6;20;9812956238;S
20240312;095934;299.6;10;9812956239;S
20240312;095934;299.6;330;9812956240;S
20240312;095934;299.6;20;9812956241;S
20240312;095934;299.6;10;9812956242;S
20240312;095934;299.6;10;9812956243;S
20240312;095934;299.6;80;9812956244;S
20240312;095934;299.6;500;9812956245;S
20240312;095934;299.6;2770;9812956246;S
20240312;095934;299.6;50;9812956247;S
20240312;095934;299.6;180;9812956248;B
20240312;095934;299.6;170;9812956249;B
20240312;095934;299.6;5000;9812956250;S
20240312;095934;299.6;5000;9812956251;S
20240312;095934;299.6;5000;9812956252;S
20240312;095934;299.6;1790;9812956253;S
20240312;095934;299.6;10;9812956254;S
20240312;095934;299.6;10;9812956255;S
20240312;095934;299.6;2300;9812956256;S
20240312;095934;299.6;160;9812956257;S
20240312;095934;299.6;10;9812956258;S
20240312;095934;299.6;50;9812956259;S
20240312;095934;299.6;340;9812956260;S
20240312;095934;299.6;230;9812956261;S
20240312;095934;299.6;30;9812956262;B
20240312;095934;299.6;70;9812956263;B
20240312;095934;299.6;4930;9812956264;B
20240312;095934;299.6;20;9812956265;B
20240312;095934;299.6;50;9812956266;B
20240312;095934;299.6;10;9812956267;B
20240312;095934;299.6;50;9812956268;B
20240312;095934;299.6;40;9812956269;B
20240312;095934;299.6;50;9812956270;S
20240312;095934;299.6;10;9812956271;S
20240312;095934;299.6;100;9812956272;S
20240312;095934;299.6;200;9812956273;S
20240312;095934;299.6;100;9812956274;S
20240312;095934;299.6;40;9812956275;S
20240312;095934;299.6;10;9812956276;S
20240312;095934;299.6;10;9812956277;S
20240312;095934;299.6;30;9812956278;S
20240312;095934;299.6;100;9812956279;S
20240312;095934;299.6;10;9812956280;S
20240312;095934;299.6;340;9812956281;B
20240312;095934;299.6;60;9812956282;S
20240312;095934;299.6;10;9812956283;S
20240312;095934;299.6;100;9812956284;S
20240312;095934;299.6;40;9812956285;S
20240312;095934;299.6;680;9812956286;S
20240312;095934;299.6;10;9812956287;S
20240312;100000;299.54;100;9812962157;S
20240312;100000;299.54;900;9812962158;S
20240312;100000;299.53;40;9812962159;S
20240312;100000;299.53;40;9812962160;S
20240312;100000;299.51;150;9812962161;S
20240312;100000;299.51;200;9812962162;S
20240312;100000;299.51;50;9812962163;S
20240312;100000;299.51;100;9812962164;S
20240312;100000;299.5;20;9812962165;S
20240312;100000;299.5;40;9812962166;S
20240312;100000;299.5;10;9812962167;S
20240312;100000;299.5;10;9812962168;S
20240312;100000;299.5;10;9812962169;S
20240312;100000;299.5;10;9812962170;S
20240312;100000;299.5;10;9812962171;S
20240312;100000;299.5;10;9812962172;S
20240312;100000;299.5;60;9812962173;S
20240312;100000;299.5;10;9812962174;S
20240312;100000;299.5;50;9812962175;S
20240312;100000;299.5;50;9812962176;S
20240312;100000;299.5;100;9812962177;S
20240312;100000;299.5;10;9812962178;S
20240312;100000;299.5;120;9812962179;S
20240312;100000;299.51;300;9812962237;S
20240312;100000;299.5;80;9812962238;S
20240312;100000;299.5;400;9812962239;S
20240312;100000;299.48;100;9812962240;S
20240312;100000;299.45;20;9812962241;S
20240312;100000;299.45;20;9812962242;S
20240312;100000;299.44;100;9812962243;S
20240312;100000;299.42;10;9812962244;S
20240312;100000;299.42;10;9812962245;S
20240312;100000;299.42;350;9812962246;S
20240312;100000;299.42;10;9812962247;S
20240312;100000;299.42;10;9812962248;S
20240312;100000;299.42;10;9812962249;S
20240312;100000;299.42;30;9812962250;S
20240312;100000;299.42;10;9812962251;S
20240312;100000;299.42;10;9812962252;S
20240312;100000;299.42;10;9812962253;S
20240312;100000;299.42;10;9812962254;S
20240312;100000;299.42;10;9812962255;S
20240312;100000;299.42;10;9812962256;S
20240312;100000;299.42;10;9812962257;S
20240312;100000;299.42;20;9812962258;S
20240312;100000;299.42;10;9812962259;S
20240312;100000;299.42;30;9812962260;S
20240312;100000;299.42;10;9812962261;S
20240312;100000;299.41;160;9812962262;S
20240312;100000;299.4;250;9812962263;S
20240312;100000;299.4;9750;9812962338;S
20240312;100000;299.4;40;9812962339;S
20240312;100000;299.4;10;9812962340;S
20240312;100000;299.4;10;9812962341;S
20240312;100000;299.4;1000;9812962342;S
20240312;100000;299.4;10;9812962343;S
20240312;100000;299.4;10;9812962344;S
20240312;100000;299.4;1000;9812962361;B
20240312;100000;299.41;290;9812962424;S
20240312;100000;299.5;30;9812962433;B
20240312;100000;299.41;370;9812962452;S
20240312;100000;299.39;400;9812962453;S
20240312;100000;299.38;20;9812962454;S
20240312;100000;299.38;20;9812962455;S
20240312;100000;299.36;190;9812962456;S
20240312;100000;299.35;4000;9812962457;S
20240312;100000;299.35;3000;9812962458;S
20240312;100000;299.35;510;9812962459;S
20240312;100000;299.32;10;9812962460;S
20240312;100000;299.32;10;9812962461;S
20240312;100000;299.31;10;9812962462;S
20240312;100000;299.3;40;9812962463;S
20240312;100000;299.3;10;9812962464;S
20240312;100000;299.3;10;9812962465;S
20240312;100000;299.3;40;9812962466;S
20240312;100000;299.28;100;9812962467;S
20240312;100000;299.27;580;9812962468;S
20240312;100000;299.26;10;9812962469;S
20240312;100000;299.26;580;9812962470;S
20240312;100000;299.25;460;9812962471;S
20240312;100000;299.25;100;9812962608;S
20240312;100000;299.26;100;9812962622;B
20240312;100000;299.38;50;9812962625;B
20240312;100000;299.26;480;9812962632;S
20240312;100000;299.25;580;9812962633;S
20240312;100000;299.24;580;9812962634;S
20240312;100000;299.23;580;9812962635;S
20240312;100000;299.23;400;9812962636;S
20240312;100000;299.22;20;9812962637;S
20240312;100000;299.22;20;9812962638;S
20240312;100000;299.22;580;9812962639;S
20240312;100000;299.21;580;9812962640;S
20240312;100000;299.2;40;9812962641;S
20240312;100000;299.2;580;9812962642;S
20240312;100000;299.19;100;9812962643;S
20240312;100000;299.19;580;9812962644;S
20240312;100000;299.19;9880;9812962645;S
20240312;100000;299.24;10;9812962730;B
20240312;100000;299.21;20;9812962742;S
20240312;100000;299.19;340;9812963004;S
20240312;100000;299.18;580;9812963005;S
20240312;100000;299.17;10;9812963006;S
20240312;100000;299.17;580;9812963007;S
20240312;100000;299.17;240;9812963008;S
20240312;100000;299.16;580;9812963009;S
20240312;100000;299.15;10;9812963010;S
20240312;100000;299.15;580;9812963011;S
20240312;100000;299.14;80;9812963012;S
20240312;100000;299.15;580;9812963031;S
20240312;100000;299.14;260;9812963032;S
20240312;100000;299.14;160;9812963033;S
20240312;100000;299.15;580;9812963063;S
20240312;100000;299.15;340;9812963064;S
20240312;100001;299.14;290;9812963157;S
20240312;100001;299.14;950;9812963204;S
20240312;100001;299.14;50;9812963205;S
20240312;100001;299.14;530;9812963214;S
20240312;100001;299.13;10;9812963295;S
20240312;100001;299.13;190;9812963298;B
20240312;100001;299.13;150;9812963299;B
20240312;100001;299.12;20;9812963391;S
20240312;100001;299.12;20;9812963392;S
20240312;100001;299.12;100;9812963393;S
20240312;100001;299.12;580;9812963394;S
20240312;100001;299.11;280;9812963395;S
20240312;100001;299.11;420;9812963402;S
20240312;100001;299.11;100;9812963443;S
20240312;100001;299.1;40;9812963514;S
20240312;100001;299.1;960;9812963515;S
20240312;100001;299.1;570;9812963526;S
20240312;100001;299.1;20;9812963527;S
20240312;100001;299.1;20;9812963528;S
20240312;100001;299.1;300;9812963529;S
20240312;100001;299.1;3000;9812963530;S
20240312;100001;299.09;40;9812963543;S
20240312;100001;299.08;20;9812963562;S
20240312;100001;299.08;20;9812963563;S
20240312;100001;299.08;30;9812963564;S
20240312;100001;299.07;20;9812963570;S
20240312;100001;299.07;20;9812963571;S
20240312;100001;299.05;30;9812963572;S
20240312;100001;299.05;50;9812963573;S
20240312;100001;299.05;380;9812963574;S
20240312;100001;299.06;290;9812963598;S
20240312;100001;299.05;200;9812963602;S
20240312;100001;299.04;700;9812963625;S
20240312;100001;299.04;300;9812963626;S
20240312;100001;299.03;100;9812963665;S
20240312;100001;299.03;110;9812963666;S
20240312;100001;299.03;20;9812963683;S
20240312;100001;299.04;10;9812963731;B
20240312;100001;299.04;10;9812963881;B
20240312;100001;299.05;110;9812964026;B
20240312;100001;299.03;30;9812964059;S
20240312;100001;299.03;10;9812964128;S
20240312;100001;299.05;690;9812964212;B
20240312;100001;299.06;260;9812964213;B
20240312;100001;299.08;200;9812964214;B
20240312;100001;299.08;200;9812964215;B
20240312;100001;299.08;400;9812964216;B
20240312;100001;299.09;340;9812964217;B
20240312;100001;299.1;1000;9812964218;B
20240312;100001;299.1;1270;9812964219;B
20240312;100001;299.1;2140;9812964220;B
20240312;100001;299.08;340;9812964282;S
20240312;100001;299.08;160;9812964283;S
20240312;100001;299.09;10;9812964291;B
20240312;100002;299.07;470;9812964364;S
20240312;100002;299.07;110;9812964373;S
20240312;100002;299.03;20;9812964478;S
20240312;100002;299.06;10;9812964566;B
20240312;100002;299.06;1010;9812964700;S
20240312;100002;299.06;580;9812964701;S
20240312;100002;299.05;410;9812964702;S
20240312;100002;299.06;400;9812964921;B
20240312;100002;299.07;600;9812964922;B
20240312;100002;299.07;100;9812964961;B
20240312;100002;299.07;190;9812964974;B
20240312;100002;299.07;550;9812964975;B
20240312;100002;299.07;450;9812965155;B
20240312;100002;299.07;1000;9812965156;B
20240312;100002;299.07;1000;9812965157;B
20240312;100002;299.07;300;9812965158;B
20240312;100002;299.09;250;9812965159;B
20240312;100002;299.11;370;9812965209;B
20240312;100002;299.11;10;9812965263;B
20240312;100003;299.11;100;9812965562;B
20240312;100003;299.11;520;9812966039;B
20240312;100003;299.11;1000;9812966040;B
20240312;100003;299.11;1000;9812966041;B
20240312;100003;299.11;480;9812966042;B
20240312;100003;299.1;340;9812966049;S
20240312;100003;299.1;1010;9812966050;S
20240312;100003;299.1;2170;9812966051;S
20240312;100003;299.1;30;9812966052;S
20240312;100003;299.11;10;9812966077;B
20240312;100004;299.11;40;9812966225;B
20240312;100004;299.1;70;9812966230;S
20240312;100004;299.1;30;9812966231;S
20240312;100004;299.11;100;9812966260;B
20240312;100004;299.11;100;9812966280;B
20240312;100004;299.09;340;9812966437;S
20240312;100004;299.09;1010;9812966438;S
20240312;100004;299.09;340;9812966439;S
20240312;100004;299.09;760;9812966440;S
20240312;100004;299.1;10;9812966451;B
20240312;100004;299.1;10;9812966491;B
20240312;100004;299.07;340;9812966545;S
20240312;100004;299.07;660;9812966546;S
20240312;100005;299.07;10;9812966591;S
20240312;100005;299.07;60;9812966807;S
20240312;100005;299.07;30;9812966809;S
20240312;100005;299.07;240;9812966882;S
20240312;100005;299.07;50;9812966883;S
20240312;100005;299.07;1010;9812966884;S
20240312;100005;299.06;580;9812966885;S
20240312;100005;299.05;580;9812966886;S
20240312;100005;299.04;580;9812966887;S
20240312;100005;299.03;390;9812966888;S
20240312;100005;299.02;10;9812966889;S
20240312;100005;299.02;20;9812966890;S
20240312;100005;299.02;20;9812966891;S
20240312;100005;299.02;580;9812966892;S
20240312;100005;299.02;400;9812966893;S
20240312;100005;299.01;100;9812966894;S
20240312;100005;299.01;50;9812966895;S
20240312;100005;299.01;50;9812966896;S
20240312;100005;299.01;200;9812966897;S
20240312;100005;299.01;140;9812966898;S
20240312;100005;299.03;580;9812966973;S
20240312;100005;299.02;10;9812967187;B
20240312;100005;299.01;70;9812967191;S
20240312;100005;299.01;190;9812967194;S
20240312;100005;299.01;20;9812967198;S
20240312;100005;299.03;10;9812967199;B
20240312;100005;299.03;10;9812967381;B
20240312;100005;299.03;10;9812967382;B
20240312;100005;299.03;20;9812967384;B
20240312;100005;299.02;10;9812967385;B
20240312;100005;299.03;40;9812967388;B
20240312;100005;299.01;40;9812967628;S
20240312;100005;299.01;30;9812967629;S
20240312;100005;299.03;20;9812967637;B
20240312;100005;299.03;10;9812967638;B
20240312;100005;299.03;10;9812967904;B
20240312;100005;299.03;10;9812967905;B
20240312;100005;299.01;10;9812968174;S
20240312;100005;299.01;340;9812968175;S
20240312;100005;299.01;650;9812968176;S
20240312;100005;299;40;9812968180;S
20240312;100005;299;10;9812968181;S
20240312;100005;299;40;9812968182;S
20240312;100005;299;10;9812968183;S
20240312;100005;299;100;9812968184;S
20240312;100005;299;100;9812968185;S
20240312;100005;299;10;9812968186;S
20240312;100005;299;30;9812968187;S
20240312;100005;299;100;9812968188;S
20240312;100005;299;100;9812968189;S
20240312;100005;299;40;9812968190;S
20240312;100005;299;10;9812968191;S
20240312;100005;299;100;9812968192;S
20240312;100005;299;10;9812968193;S
20240312;100005;299;10;9812968194;S
20240312;100005;299;500;9812968195;S
20240312;100005;299;10;9812968196;S
20240312;100005;299;10;9812968197;S
20240312;100005;299;100;9812968198;S
20240312;100005;299;20;9812968199;S
20240312;100005;299;200;9812968200;S
20240312;100005;299;10;9812968201;S
20240312;100005;299;10;9812968202;S
20240312;100005;299;50;9812968203;S
20240312;100005;299;2010;9812968204;S
20240312;100005;299;240;9812968205;S
20240312;100005;299;200;9812968206;S
20240312;100005;299;500;9812968207;S
20240312;100005;299;150;9812968208;S
20240312;100005;299;30;9812968209;S
20240312;100005;299;10;9812968210;S
20240312;100005;299;10;9812968211;S
20240312;100005;299;500;9812968212;S
20240312;100005;299;1000;9812968213;S
20240312;100005;299;360;9812968214;S
20240312;100005;299;260;9812968215;S
20240312;100005;299;190;9812968216;S
20240312;100005;299;880;9812968362;S
20240312;100005;299;10;9812968363;S
20240312;100006;298.98;10;9812968374;S
20240312;100006;298.97;400;9812968379;S
20240312;100006;298.97;610;9812968385;S
20240312;100006;298.96;10;9812968390;B
20240312;100006;298.96;10;9812968394;B
20240312;100006;298.94;200;9812968429;S
20240312;100006;298.96;10;9812968510;B
20240312;100006;298.94;10;9812968512;S
20240312;100006;298.94;160;9812968516;S
20240312;100006;298.94;400;9812968626;S
20240312;100006;298.94;220;9812968753;S
20240312;100006;298.95;10;9812968754;B
20240312;100006;298.94;500;9812968774;S
20240312;100006;298.93;10;9812968879;S
20240312;100006;298.94;10;9812968880;B
20240312;100006;298.93;20;9812969029;S
20240312;100006;298.94;10;9812969048;B
20240312;100006;298.94;70;9812969116;B
20240312;100006;298.93;100;9812969135;S
20240312;100006;298.93;190;9812969144;S
20240312;100006;298.94;10;9812969276;B
20240312;100006;298.94;10;9812969293;B
20240312;100006;298.94;10;9812969299;B
20240312;100006;298.93;60;9812969308;S
20240312;100006;298.94;370;9812969380;B
20240312;100006;298.95;100;9812969381;B
20240312;100006;298.95;130;9812969382;B
20240312;100006;298.94;10;9812969383;B
20240312;100006;298.95;10;9812969384;B
20240312;100006;298.95;10;9812969388;B
20240312;100006;298.94;20;9812969389;B
20240312;100006;298.93;200;9812969390;S
20240312;100006;298.92;10;9812969391;S
20240312;100006;298.92;20;9812969392;S
20240312;100006;298.92;20;9812969393;S
20240312;100006;298.92;940;9812969394;S
20240312;100006;298.92;580;9812969395;S
20240312;100006;298.91;580;9812969396;S
20240312;100006;298.9;40;9812969397;S
20240312;100006;298.9;30;9812969398;S
20240312;100006;298.9;1000;9812969399;S
20240312;100006;298.9;580;9812969400;S
20240312;100006;298.9;400;9812969401;S
20240312;100006;298.89;100;9812969402;S
20240312;100006;298.89;580;9812969403;S
20240312;100006;298.88;920;9812969404;S
20240312;100007;298.89;580;9812969446;S
20240312;100007;298.89;1410;9812969447;S
20240312;100007;298.89;1280;9812969448;S
20240312;100007;298.89;2000;9812969449;S
20240312;100007;298.89;2000;9812969450;S
20240312;100007;298.89;580;9812969452;S
20240312;100007;298.89;810;9812969453;B
20240312;100007;298.89;400;9812969454;S
20240312;100007;298.89;160;9812969475;S
20240312;100007;298.89;580;9812969476;S
20240312;100007;298.89;40;9812969526;B
20240312;100007;298.89;10;9812969609;B
20240312;100007;298.89;10;9812969725;B
20240312;100007;298.88;50;9812969734;S
20240312;100007;298.89;10;9812969781;B
20240312;100007;298.89;10;9812969785;B
20240312;100007;298.89;10;9812969869;B
20240312;100007;298.89;170;9812969876;B
20240312;100007;298.89;380;9812969877;B
20240312;100007;298.89;620;9812969950;B
20240312;100007;298.89;400;9812969951;B
20240312;100007;298.89;1000;9812969952;B
20240312;100007;298.89;1000;9812969953;B
20240312;100007;298.89;1000;9812969954;B
20240312;100007;298.89;980;9812969955;B
20240312;100007;298.89;20;9812969956;B
20240312;100007;298.9;1000;9812969958;B
20240312;100007;298.9;120;9812969959;B
20240312;100007;298.9;880;9812969969;B
20240312;100007;298.91;1000;9812969984;B
20240312;100007;298.99;250;9812970015;B
20240312;100007;298.99;50;9812970025;B
20240312;100007;298.99;10;9812970027;B
20240312;100007;298.99;10;9812970029;B
20240312;100007;298.99;10;9812970030;B
20240312;100007;298.99;10;9812970031;B
20240312;100007;298.99;160;9812970077;B
20240312;100007;298.96;210;9812970104;S
20240312;100007;298.99;50;9812970138;B
20240312;100007;298.97;10;9812970227;S
20240312;100007;298.99;40;9812970228;B
20240312;100007;298.99;100;9812970257;B
20240312;100008;298.97;250;9812970640;S
20240312;100008;298.97;90;9812970641;S
20240312;100008;298.96;10;9812970642;S
20240312;100008;298.99;10;9812970643;B
20240312;100008;298.97;400;9812970783;S
20240312;100008;298.97;100;9812970784;S
20240312;100008;298.97;320;9812970902;B
20240312;100008;298.97;1000;9812970904;S
20240312;100008;298.96;10;9812971135;S
20240312;100008;298.96;10;9812971136;S
20240312;100008;298.96;900;9812971138;S
20240312;100008;298.99;500;9812971139;B
20240312;100008;298.96;20;9812971140;S
20240312;100008;298.99;50;9812971166;B
20240312;100008;298.99;50;9812971168;B
20240312;100009;298.97;10;9812971373;S
20240312;100009;298.99;200;9812971409;B
20240312;100009;299;50;9812971410;B
20240312;100009;299;50;9812971425;B
20240312;100009;298.99;30;9812971552;S
20240312;100009;299;30;9812971557;B
20240312;100009;299.01;80;9812971558;B
20240312;100009;299.02;100;9812971559;B
20240312;100009;299.04;60;9812971560;B
20240312;100009;299.05;580;9812971561;B
20240312;100009;299.06;50;9812971562;B
20240312;100010;299.01;20;9812971899;S
20240312;100010;299.1;10;9812971921;B
20240312;100010;299.1;120;9812971995;B
20240312;100010;299.1;220;9812971999;B
20240312;100010;299.1;10;9812972000;B
20240312;100010;299.01;320;9812972014;S
20240312;100010;299.01;40;9812972015;S
20240312;100010;299.1;10;9812972069;B
20240312;100010;299.1;40;9812972078;B
20240312;100010;299.1;110;9812972093;B
20240312;100010;299.1;10;9812972108;B
20240312;100011;299.1;50;9812972307;B
20240312;100011;299.1;640;9812972308;B
20240312;100011;299.09;80;9812972317;B
20240312;100011;299.09;140;9812972319;B
20240312;100011;299.1;10;9812972336;B
20240312;100011;299.04;10;9812972483;S
20240312;100011;299.08;10;9812972518;B
20240312;100011;299.1;20;9812972579;B
20240312;100011;299.1;80;9812972625;B
20240312;100011;299.1;50;9812972635;B
20240312;100011;299.04;340;9812972638;S
20240312;100011;299.03;500;9812972639;S
20240312;100011;299.03;400;9812972640;S
20240312;100011;299.02;1010;9812972641;S
20240312;100011;299.02;340;9812972642;S
20240312;100011;299.01;410;9812972643;S
20240312;100011;299.1;80;9812972728;B
20240312;100011;299.03;60;9812972738;S
20240312;100011;299.1;40;9812972739;B
20240312;100011;299.03;10;9812972742;S
20240312;100011;299.03;10;9812972767;S
20240312;100011;299.1;30;9812972785;B
20240312;100011;299.1;60;9812972792;B
20240312;100011;299.1;210;9812972816;B
20240312;100011;299.1;110;9812972817;B
20240312;100011;299.1;10;9812972823;B
20240312;100012;299.05;50;9812972920;S
20240312;100012;299.04;50;9812972921;S
20240312;100012;299.01;30;9812973125;S
20240312;100012;299.03;10;9812973160;B
20240312;100012;299.03;50;9812973181;B
20240312;100013;299.03;10;9812973498;B
20240312;100013;299.03;30;9812973517;B
20240312;100013;299.04;200;9812973518;B
20240312;100013;299.04;170;9812973519;B
20240312;100014;299.02;20;9812973739;S
20240312;100014;299.1;10;9812973799;B
20240312;100014;299.1;100;9812973851;B
20240312;100014;299.08;400;9812973915;B
20240312;100014;299.08;580;9812973916;B
20240312;100014;299.08;60;9812973917;B
20240312;100014;299.09;8960;9812973918;B
20240312;100014;299.04;30;9812973938;B
20240312;100015;299.04;10;9812973946;B
20240312;100015;299.08;580;9812974154;B
20240312;100015;299.09;420;9812974155;B
20240312;100015;299.08;130;9812974196;B
20240312;100015;299.08;100;9812974238;B
20240312;100016;299.08;10;9812974309;B
20240312;100016;299.07;50;9812974344;S
20240312;100016;299.05;340;9812974345;S
20240312;100016;299.05;110;9812974346;S
20240312;100016;299.05;10;9812974349;S
20240312;100016;299.07;10;9812974398;S
20240312;100016;299.06;10;9812974399;S
20240312;100016;299.06;50;9812974400;S
20240312;100016;299.05;30;9812974401;S
20240312;100017;299.08;340;9812974500;B
20240312;100017;299.08;10;9812974538;S
20240312;100017;299.08;10;9812974545;S
20240312;100017;299.08;640;9812974550;S
20240312;100017;299.06;160;9812974551;S
20240312;100017;299.06;10;9812974552;S
20240312;100017;299.05;860;9812974553;S
20240312;100017;299.05;330;9812974554;S
20240312;100017;299.06;40;9812974617;S
20240312;100018;299.08;10;9812974856;B
20240312;100018;299.08;40;9812974926;B
20240312;100019;299.07;10;9812974968;S
20240312;100019;299.06;30;9812974969;S
20240312;100019;299.08;20;9812975110;B
20240312;100019;299.08;10;9812975116;B
20240312;100020;299.08;150;9812975165;B
20240312;100020;299.08;100;9812975219;B
20240312;100020;299.07;50;9812975253;S
20240312;100020;299.06;450;9812975254;S
20240312;100020;299.08;200;9812975342;B
20240312;100020;299.07;10;9812975351;S
20240312;100020;299.08;10;9812975352;B
20240312;100020;299.08;30;9812975367;B
20240312;100021;299.07;40;9812975388;S
20240312;100021;299.07;10;9812975389;S
20240312;100021;299.06;450;9812975390;S
20240312;100021;299.07;10;9812975420;B
20240312;100021;299.07;20;9812975452;B
20240312;100021;299.06;50;9812975454;S
20240312;100021;299.06;160;9812975455;S
20240312;100021;299.06;290;9812975456;S
20240312;100021;299.07;10;9812975487;B
20240312;100021;299.07;50;9812975514;B
20240312;100021;299.07;10;9812975527;B
20240312;100021;299.07;30;9812975531;B
20240312;100022;299.06;340;9812975541;S
20240312;100022;299.05;50;9812975542;S
20240312;100022;299.05;10;9812975543;S
20240312;100022;299.05;10;9812975567;S
20240312;100022;299.07;50;9812975573;B
20240312;100022;299.05;10;9812975610;S
20240312;100022;299.07;130;9812975737;B
20240312;100022;299.06;10;9812975748;B
20240312;100023;299.05;10;9812975825;S
20240312;100023;299.06;10;9812975829;B
20240312;100023;299.06;490;9812975831;B
20240312;100023;299.07;10;9812975832;B
20240312;100023;299.05;70;9812975873;S
20240312;100023;299.07;30;9812975924;B
20240312;100023;299.05;90;9812975955;S
20240312;100023;299.05;910;9812975956;S
20240312;100023;299.05;8090;9812975971;S
20240312;100023;299.04;1910;9812975972;S
20240312;100023;299.04;200;9812975973;S
20240312;100023;299.05;370;9812976033;B
20240312;100024;299.05;30;9812976103;B
20240312;100024;299.05;270;9812976104;B
20240312;100024;299.05;310;9812976105;B
20240312;100024;299.05;190;9812976106;B
20240312;100024;299.04;20;9812976293;S
20240312;100024;299.04;10;9812976300;S
20240312;100025;299.05;20;9812976365;B
20240312;100025;299.04;600;9812976389;S
20240312;100025;299.04;10;9812976512;S
20240312;100025;299.05;50;9812976541;B
20240312;100025;299.04;80;9812976563;S
20240312;100026;299.05;10;9812976695;B
20240312;100026;299.05;100;9812976771;B
20240312;100026;299.04;90;9812976794;S
20240312;100026;299.05;400;9812976797;B
20240312;100026;299.05;10;9812976808;B
20240312;100026;299.05;10;9812976811;B
20240312;100026;299.05;50;9812976814;B
20240312;100027;299.05;10;9812976824;B
20240312;100027;299.05;490;9812976825;B
20240312;100027;299.04;500;9812976880;S
20240312;100027;299.04;10;9812976889;S
20240312;100027;299.04;10;9812976891;S
20240312;100027;299.04;500;9812976980;S
20240312;100027;299.05;790;9812976999;B
20240312;100028;299.05;50;9812977166;B
20240312;100028;299.05;100;9812977252;B
20240312;100028;299.05;500;9812977298;B
20240312;100028;299.04;140;9812977311;S
20240312;100029;299.04;20;9812977336;S
20240312;100029;299.05;50;9812977338;B
20240312;100029;299.05;10;9812977374;B
20240312;100029;299.04;900;9812977378;S
20240312;100029;299.04;50;9812977379;S
20240312;100029;299.04;10;9812977380;S
20240312;100029;299.04;10;9812977381;S
20240312;100029;299.04;50;9812977382;S
20240312;100029;299.02;50;9812977383;S
20240312;100029;299.01;10;9812977384;S
20240312;100029;299.01;10;9812977385;S
20240312;100029;299;1000;9812977386;S
20240312;100029;299;100;9812977387;S
20240312;100029;299;1000;9812977388;S
20240312;100029;299;120;9812977389;S
20240312;100029;298.99;100;9812977390;S
20240312;100029;298.98;160;9812977391;S
20240312;100029;298.98;770;9812977392;S
20240312;100029;298.95;50;9812977398;B
20240312;100029;298.95;50;9812977399;B
20240312;100029;298.95;50;9812977400;B
20240312;100029;298.98;50;9812977401;B
20240312;100029;298.9;90;9812977402;S
20240312;100029;298.97;110;9812977425;B
20240312;100029;298.96;10;9812977440;B
20240312;100030;298.97;580;9812977623;B
20240312;100030;298.97;400;9812977624;B
20240312;100030;298.98;20;9812977625;B
20240312;100030;298.97;580;9812977725;B
20240312;100030;298.98;1270;9812977726;B
20240312;100030;298.98;150;9812977727;B
20240312;100030;298.99;130;9812977799;B
20240312;100030;298.99;10;9812977818;B
20240312;100030;298.99;400;9812977838;B
20240312;100031;298.99;40;9812977929;B
20240312;100031;298.99;20;9812977930;B
20240312;100031;298.99;100;9812977936;B
20240312;100031;298.89;340;9812977937;S
20240312;100031;298.88;10;9812977938;S
20240312;100031;298.99;10;9812978082;B
20240312;100031;298.96;100;9812978158;B
20240312;100031;298.96;110;9812978196;B
20240312;100031;298.96;10;9812978207;B
20240312;100032;298.96;80;9812978260;B
20240312;100032;298.96;100;9812978314;B
20240312;100032;298.97;10;9812978364;B
20240312;100032;298.92;30;9812978394;S
20240312;100032;298.99;100;9812978482;B
20240312;100032;298.93;240;9812978649;S
20240312;100032;298.93;30;9812978653;S
20240312;100033;298.99;10;9812978706;B
20240312;100033;298.99;80;9812978708;B
20240312;100033;298.93;30;9812978719;S
20240312;100033;298.99;10;9812978750;B
20240312;100033;298.92;10;9812978759;S
20240312;100033;298.92;100;9812979026;S
20240312;100033;298.99;10;9812979060;B
20240312;100033;298.92;340;9812979114;S
20240312;100033;298.91;400;9812979115;S
20240312;100033;298.9;10;9812979116;S
20240312;100033;298.9;10;9812979117;S
20240312;100033;298.9;80;9812979118;S
20240312;100033;298.91;10;9812979133;S
20240312;100034;298.99;580;9812979234;B
20240312;100034;298.99;400;9812979235;B
20240312;100034;299;9690;9812979236;B
20240312;100034;299;580;9812979237;B
20240312;100034;299;10;9812979238;B
20240312;100034;299.01;580;9812979239;B
20240312;100034;299.02;580;9812979240;B
20240312;100034;299.03;580;9812979241;B
20240312;100034;299.04;580;9812979242;B
20240312;100034;299.04;500;9812979243;B
20240312;100034;299.05;6260;9812979244;B
20240312;100034;299.05;580;9812979245;B
20240312;100034;299.05;300;9812979246;B
20240312;100034;299.06;100;9812979247;B
20240312;100034;299.06;580;9812979248;B
20240312;100034;299.06;2000;9812979249;B
20240312;100034;299.07;580;9812979250;B
20240312;100034;299.08;500;9812979251;B
20240312;100034;299.08;30;9812979252;B
20240312;100034;299.08;2000;9812979253;B
20240312;100034;299.08;10000;9812979254;B
20240312;100034;299.08;580;9812979255;B
20240312;100034;299.08;1000;9812979256;B
20240312;100034;299.09;10620;9812979257;B
20240312;100034;299.09;2000;9812979258;B
20240312;100034;299.1;200;9812979259;B
20240312;100034;299.11;2000;9812979260;B
20240312;100034;299.13;400;9812979261;B
20240312;100034;299.15;2000;9812979262;B
20240312;100034;299.17;2000;9812979263;B
20240312;100034;299.18;2000;9812979264;B
20240312;100034;299.19;1000;9812979265;B
20240312;100034;299.19;50;9812979266;B
20240312;100034;299.19;500;9812979267;B
20240312;100034;299.2;30;9812979268;B
20240312;100034;299.2;2000;9812979269;B
20240312;100034;299.21;10000;9812979270;B
20240312;100034;299.26;50;9812979271;B
20240312;100034;299.36;100;9812979272;B
20240312;100034;299.37;340;9812979273;B
20240312;100034;299.38;800;9812979274;B
20240312;100034;299.4;2000;9812979275;B
20240312;100034;299.46;3000;9812979276;B
20240312;100034;299.49;50;9812979277;B
20240312;100034;299.49;50;9812979278;B
20240312;100034;299.49;18000;9812979279;B
20240312;100034;299.5;1700;9812979280;B
20240312;100034;299.5;520;9812979281;B
20240312;100034;299.16;50;9812979294;B
20240312;100034;299.16;10;9812979355;B
20240312;100034;299.16;200;9812979358;S
20240312;100034;299.15;100;9812979547;B
20240312;100034;299.15;60;9812979613;B
20240312;100035;299.14;1000;9812979669;S
20240312;100035;299.14;580;9812979670;S
20240312;100035;299.14;400;9812979671;S
20240312;100035;299.13;20;9812979672;S
20240312;100035;299.13;580;9812979673;S
20240312;100035;299.12;580;9812979674;S
20240312;100035;299.12;10000;9812979675;S
20240312;100035;299.11;580;9812979676;S
20240312;100035;299.1;580;9812979677;S
20240312;100035;299.09;580;9812979678;S
20240312;100035;299.09;2000;9812979679;S
20240312;100035;299.08;580;9812979680;S
20240312;100035;299.08;2000;9812979681;S
20240312;100035;299.07;520;9812979682;S
20240312;100035;299.08;580;9812979684;S
20240312;100035;299.08;400;9812979685;S
20240312;100035;299.08;1000;9812979686;S
20240312;100035;299.07;60;9812979687;S
20240312;100035;299.07;500;9812979688;S
20240312;100035;299.06;580;9812979689;S
20240312;100035;299.06;2000;9812979690;S
20240312;100035;299.05;10;9812979719;S
20240312;100035;299.05;350;9812979854;S
20240312;100035;299.06;70;9812979895;B
20240312;100036;299.05;220;9812980012;S
20240312;100036;299.05;200;9812980013;S
20240312;100036;299.05;20;9812980040;B
20240312;100036;299.03;10;9812980179;S
20240312;100037;299.05;10;9812980299;B
20240312;100037;299.04;380;9812980413;S
20240312;100038;299.05;40;9812980515;B
20240312;100038;299.05;10;9812980524;B
20240312;100038;299.04;60;9812980538;S
20240312;100039;299.04;160;9812980676;S
20240312;100039;299.04;10;9812980677;S
20240312;100039;299.04;10;9812980678;S
20240312;100039;299.03;30;9812980679;S
20240312;100039;299.03;20;9812980688;S
20240312;100039;299.02;30;9812980689;S
20240312;100039;299.03;10;9812980762;B
20240312;100039;299.04;10;9812980838;B
20240312;100039;299.04;10;9812980845;B
20240312;100039;299.04;30;9812980912;B
20240312;100039;299.04;150;9812980925;B
20240312;100040;299.03;40;9812980932;S
20240312;100040;299.02;10;9812981022;B
20240312;100040;299.02;10;9812981114;B
20240312;100040;299;150;9812981158;S
20240312;100040;299;10;9812981159;S
20240312;100040;299;250;9812981160;S
20240312;100040;299;90;9812981161;S
20240312;100041;299.02;10;9812981194;B
20240312;100041;299.02;370;9812981233;B
20240312;100041;299.02;340;9812981234;B
20240312;100041;299.02;340;9812981235;B
20240312;100041;299.02;1010;9812981236;B
20240312;100041;299.03;8210;9812981237;B
20240312;100041;299.03;1600;9812981238;B
20240312;100041;299.05;500;9812981239;B
20240312;100041;299.05;2000;9812981240;B
20240312;100041;299.06;4810;9812981241;B
20240312;100041;299.06;820;9812981242;B
20240312;100041;299;10;9812981276;S
20240312;100041;299;400;9812981315;S
20240312;100041;299;10;9812981316;S
20240312;100041;299;90;9812981317;S
20240312;100041;299.06;30;9812981324;B
20240312;100041;299;300;9812981365;S
20240312;100041;299.05;10;9812981378;S
20240312;100041;299;190;9812981379;S
20240312;100041;299;600;9812981380;S
20240312;100042;299;170;9812981418;S
20240312;100042;299;70;9812981420;S
20240312;100042;299.12;10;9812981534;B
20240312;100043;299.07;400;9812981586;S
20240312;100043;299.06;200;9812981601;S
20240312;100043;299.07;50;9812981603;B
20240312;100043;299.07;50;9812981629;B
20240312;100043;299.13;120;9812981630;B
20240312;100043;299.13;10;9812981646;B
20240312;100044;299.11;80;9812981825;S
20240312;100044;299.13;370;9812982029;B
20240312;100044;299.14;130;9812982030;B
20240312;100045;299.11;150;9812982049;S
20240312;100045;299.14;20;9812982062;B
20240312;100045;299.14;140;9812982088;B
20240312;100045;299.13;100;9812982089;S
20240312;100045;299.14;20;9812982104;B
20240312;100045;299.14;100;9812982120;B
20240312;100045;299.14;90;9812982125;B
20240312;100045;299.14;210;9812982126;B
20240312;100045;299.13;300;9812982136;S
20240312;100045;299.12;200;9812982137;S
20240312;100045;299.13;360;9812982165;S
20240312;100045;299.14;970;9812982183;B
20240312;100045;299.13;40;9812982200;S
20240312;100045;299.12;60;9812982201;S
20240312;100045;299.11;70;9812982202;S
20240312;100046;299.14;20;9812982257;B
20240312;100046;299.15;90;9812982258;B
20240312;100046;299.13;10;9812982355;S
20240312;100046;299.13;280;9812982356;S
20240312;100046;299.15;10;9812982390;B
20240312;100047;299.15;30;9812982547;B
20240312;100047;299.15;210;9812982553;B
20240312;100047;299.16;20;9812982595;B
20240312;100047;299.16;80;9812982601;B
20240312;100047;299.16;100;9812982602;B
20240312;100047;299.21;320;9812982603;B
20240312;100048;299.22;10;9812982649;B
20240312;100048;299.18;100;9812982651;S
20240312;100048;299.23;40;9812982803;B
20240312;100048;299.23;200;9812982847;B
20240312;100048;299.23;340;9812982862;B
20240312;100048;299.23;160;9812982863;B
20240312;100049;299.24;580;9812982871;B
20240312;100049;299.24;210;9812982872;B
20240312;100049;299.24;20;9812982899;B
20240312;100049;299.21;100;9812982997;S
20240312;100049;299.21;400;9812982998;S
20240312;100049;299.19;10;9812983022;S
20240312;100050;299.26;10;9812983060;B
20240312;100050;299.25;30;9812983099;B
20240312;100050;299.25;370;9812983192;B
20240312;100050;299.26;150;9812983193;B
20240312;100050;299.26;300;9812983198;B
20240312;100051;299.21;40;9812983276;S
20240312;100051;299.21;460;9812983277;S
20240312;100051;299.21;480;9812983296;S
20240312;100051;299.2;20;9812983297;S
20240312;100051;299.26;1000;9812983404;B
20240312;100052;299.26;540;9812983506;B
20240312;100052;299.26;460;9812983507;B
20240312;100052;299.26;110;9812983519;B
20240312;100053;299.22;10;9812983598;B
20240312;100053;299.22;20;9812983692;B
20240312;100053;299.22;250;9812983781;B
20240312;100054;299.22;20;9812983895;B
20240312;100054;299.22;10;9812983896;B
20240312;100054;299.25;70;9812983897;B
20240312;100054;299.26;30;9812983909;B
20240312;100054;299.2;80;9812983970;S
20240312;100054;299.2;500;9812983971;S
20240312;100054;299.2;1000;9812983972;S
20240312;100054;299.2;10;9812983973;S
20240312;100054;299.18;400;9812983974;S
20240312;100054;299.16;580;9812983975;S
20240312;100054;299.16;100;9812983976;S
20240312;100054;299.15;10;9812983977;S
20240312;100054;299.15;580;9812983978;S
20240312;100054;299.14;580;9812983979;S
20240312;100054;299.13;580;9812983980;S
20240312;100054;299.12;30;9812983981;S
20240312;100054;299.26;550;9812983984;B
20240312;100054;299.26;1450;9812983985;B
20240312;100054;299.26;50;9812984050;B
20240312;100055;299.26;30;9812984194;B
20240312;100055;299.29;580;9812984226;B
20240312;100055;299.29;400;9812984227;B
20240312;100055;299.3;10;9812984228;B
20240312;100055;299.29;10;9812984234;B
20240312;100056;299.21;160;9812984260;S
20240312;100056;299.28;30;9812984335;B
20240312;100056;299.27;50;9812984477;B
20240312;100056;299.23;10;9812984480;S
20240312;100057;299.27;10;9812984514;B
20240312;100057;299.27;500;9812984566;B
20240312;100057;299.23;90;9812984572;S
20240312;100057;299.22;10;9812984617;S
20240312;100057;299.23;10;9812984620;B
20240312;100057;299.27;490;9812984621;B
20240312;100057;299.28;130;9812984622;B
20240312;100057;299.28;580;9812984623;B
20240312;100057;299.29;580;9812984624;B
20240312;100057;299.3;570;9812984625;B
20240312;100057;299.31;140;9812984626;B
20240312;100057;299.24;40;9812984798;S
20240312;100057;299.24;60;9812984801;S
20240312;100057;299.23;340;9812984802;S
20240312;100057;299.23;400;9812984803;S
20240312;100057;299.21;580;9812984804;S
20240312;100057;299.2;620;9812984805;S
20240312;100057;299.29;300;9812984810;B
20240312;100058;299.23;10;9812984863;B
20240312;100058;299.3;60;9812984864;B
20240312;100058;299.3;80;9812984937;B
20240312;100058;299.23;400;9812985015;S
20240312;100058;299.22;100;9812985016;S
20240312;100058;299.29;50;9812985036;B
20240312;100058;299.29;10;9812985038;B
20240312;100059;299.23;10;9812985226;S
20240312;100100;299.23;100;9812985397;S
20240312;100100;299.25;150;9812985470;B
20240312;100100;299.23;100;9812985492;S
20240312;100100;299.25;20;9812985560;B
20240312;100100;299.23;20;9812985633;S
20240312;100100;299.22;50;9812985634;S
20240312;100100;299.22;250;9812985635;S
20240312;100101;299.25;100;9812985734;B
20240312;100102;299.25;170;9812985923;B
20240312;100102;299.21;400;9812986103;S
20240312;100102;299.2;10;9812986104;S
20240312;100102;299.24;10;9812986142;B
20240312;100104;299.24;30;9812986422;B
20240312;100105;299.24;10;9812986518;B
20240312;100105;299.24;210;9812986529;B
20240312;100105;299.25;160;9812986530;B
20240312;100105;299.25;350;9812986531;B
20240312;100105;299.25;110;9812986593;B
20240312;100106;299.21;30;9812986612;S
20240312;100106;299.25;2000;9812986628;B
20240312;100107;299.25;100;9812986851;B
20240312;100108;299.25;170;9812986914;B
20240312;100108;299.25;50;9812986917;B
20240312;100109;299.25;10;9812987165;B
20240312;100109;299.25;3000;9812987172;B
20240312;100110;299.25;300;9812987394;B
20240312;100110;299.25;2000;9812987417;B
20240312;100110;299.25;160;9812987429;B
20240312;100110;299.25;900;9812987430;B
20240312;100110;299.26;10;9812987431;B
20240312;100110;299.28;580;9812987432;B
20240312;100110;299.29;580;9812987433;B
20240312;100110;299.3;580;9812987434;B
20240312;100110;299.3;480;9812987435;B
20240312;100110;299.3;1710;9812987436;B
20240312;100112;299.29;100;9812987710;S
20240312;100112;299.28;100;9812987799;S
20240312;100112;299.26;10;9812987800;S
20240312;100112;299.24;90;9812987801;S
20240312;100114;299.3;580;9812988004;B
20240312;100114;299.3;400;9812988025;S
20240312;100114;299.31;650;9812988088;B
20240312;100114;299.31;110;9812988133;B
20240312;100116;299.31;10;9812988633;B
20240312;100117;299.3;20;9812988698;S
20240312;100117;299.3;10;9812988699;S
20240312;100117;299.3;10;9812988700;S
20240312;100117;299.27;10;9812988701;S
20240312;100117;299.26;10;9812988702;S
20240312;100117;299.25;100;9812988703;S
20240312;100117;299.3;60;9812988838;B
20240312;100117;299.25;200;9812988845;S
20240312;100118;299.25;10;9812988919;S
20240312;100119;299.3;340;9812989724;B
20240312;100119;299.3;580;9812989725;B
20240312;100119;299.3;680;9812989726;B
20240312;100119;299.3;10;9812989825;B
20240312;100121;299.3;10;9812990396;B
20240312;100121;299.25;10;9812990403;S
20240312;100121;299.25;50;9812990448;S
20240312;100121;299.3;100;9812990457;B
20240312;100122;299.3;20;9812990532;B
20240312;100122;299.31;80;9812990533;B
20240312;100123;299.3;10;9812990707;B
20240312;100123;299.31;10;9812990708;B
20240312;100123;299.31;20;9812990801;B
20240312;100124;299.31;20;9812990916;B
20240312;100124;299.3;50;9812990970;S
20240312;100124;299.3;50;9812990971;S
20240312;100124;299.3;10;9812990979;S
20240312;100125;299.3;230;9812991015;B
20240312;100125;299.3;2760;9812991097;B
20240312;100125;299.3;400;9812991098;B
20240312;100125;299.31;1100;9812991099;B
20240312;100125;299.31;10;9812991100;B
20240312;100125;299.31;10;9812991101;B
20240312;100125;299.32;220;9812991102;B
20240312;100125;299.26;10;9812991124;S
20240312;100126;299.29;10;9812991347;B
20240312;100127;299.3;10;9812991423;B
20240312;100127;299.27;100;9812991457;S
20240312;100127;299.3;230;9812991558;S
20240312;100127;299.3;1770;9812991634;S
20240312;100127;299.26;1600;9812991635;S
20240312;100127;299.26;10;9812991636;S
20240312;100127;299.25;830;9812991637;S
20240312;100127;299.25;4000;9812991638;S
20240312;100127;299.25;30;9812991639;S
20240312;100127;299.25;1760;9812991640;S
20240312;100128;299.3;70;9812991764;B
20240312;100128;299.3;10;9812991821;B
20240312;100128;299.3;320;9812991831;B
20240312;100128;299.3;580;9812991832;B
20240312;100128;299.3;230;9812991833;B
20240312;100128;299.31;2000;9812991834;B
20240312;100128;299.31;580;9812991835;B
20240312;100128;299.32;580;9812991836;B
20240312;100128;299.32;2000;9812991839;S
20240312;100128;299.32;2000;9812991840;S
20240312;100128;299.32;500;9812991859;S
20240312;100129;299.32;1000;9812991906;S
20240312;100129;299.32;100;9812991925;S
20240312;100130;299.34;20;9812992070;B
20240312;100130;299.34;560;9812992071;B
20240312;100130;299.34;400;9812992072;B
20240312;100130;299.34;130;9812992073;B
20240312;100130;299.32;110;9812992074;S
20240312;100131;299.31;100;9812992329;B
20240312;100131;299.31;300;9812992400;B
20240312;100131;299.31;580;9812992401;B
20240312;100131;299.31;1000;9812992402;B
20240312;100131;299.31;340;9812992403;B
20240312;100131;299.32;580;9812992404;B
20240312;100131;299.32;100;9812992405;B
20240312;100131;299.33;580;9812992406;B
20240312;100131;299.33;1520;9812992407;B
20240312;100131;299.3;160;9812992417;S
20240312;100131;299.3;40;9812992456;B
20240312;100131;299.33;60;9812992457;B
20240312;100132;299.26;400;9812992494;S
20240312;100132;299.25;740;9812992495;S
20240312;100132;299.25;290;9812992496;S
20240312;100134;299.28;100;9812992903;B
20240312;100134;299.28;900;9812992962;B
20240312;100134;299.29;40;9812992963;B
20240312;100134;299.3;1000;9812992964;S
20240312;100134;299.3;2300;9812992974;S
20240312;100134;299.3;8250;9812993021;S
20240312;100134;299.3;500;9812993053;S
20240312;100134;299.3;1370;9812993097;S
20240312;100135;299.31;100;9812993146;B
20240312;100135;299.3;10;9812993226;S
20240312;100135;299.31;100;9812993271;B
20240312;100135;299.31;400;9812993272;B
20240312;100136;299.3;500;9812993305;S
20240312;100137;299.32;10;9812993456;B
20240312;100137;299.31;50;9812993496;S
20240312;100137;299.3;500;9812993545;S
20240312;100138;299.31;10;9812993648;B
20240312;100138;299.3;50;9812993726;S
20240312;100139;299.3;500;9812993814;S
20240312;100139;299.3;10;9812993911;S
20240312;100140;299.31;40;9812994052;B
20240312;100140;299.31;300;9812994053;B
20240312;100140;299.3;500;9812994069;S
20240312;100140;299.3;990;9812994079;S
20240312;100141;299.31;10;9812994198;B
20240312;100141;299.31;20;9812994265;B
20240312;100141;299.3;100;9812994316;S
20240312;100141;299.3;50;9812994317;S
20240312;100142;299.3;500;9812994394;S
20240312;100142;299.3;350;9812994430;S
20240312;100142;299.31;10;9812994440;B
20240312;100142;299.3;30;9812994471;S
20240312;100143;299.3;330;9812994630;S
20240312;100143;299.3;500;9812994633;S
20240312;100144;299.3;20;9812994713;S
20240312;100144;299.31;10;9812994728;B
20240312;100144;299.31;100;9812994729;B
20240312;100145;299.3;500;9812994817;S
20240312;100145;299.31;200;9812994886;B
20240312;100145;299.3;200;9812994894;S
20240312;100145;299.3;10;9812994895;S
20240312;100145;299.3;10;9812994896;S
20240312;100145;299.31;130;9812994947;B
20240312;100146;299.31;150;9812995045;B
20240312;100146;299.31;340;9812995046;B
20240312;100146;299.31;510;9812995047;B
20240312;100146;299.3;20;9812995140;S
20240312;100146;299.3;10;9812995141;S
20240312;100146;299.3;10;9812995142;S
20240312;100146;299.3;10;9812995143;S
20240312;100146;299.3;10;9812995144;S
20240312;100146;299.3;10;9812995145;S
20240312;100147;299.29;400;9812995215;B
20240312;100147;299.29;340;9812995216;B
20240312;100147;299.3;30;9812995217;B
20240312;100147;299.3;230;9812995218;B
20240312;100147;299.3;30;9812995249;B
20240312;100148;299.3;70;9812995386;B
20240312;100148;299.3;250;9812995411;B
20240312;100148;299.3;340;9812995412;B
20240312;100148;299.3;100;9812995413;B
20240312;100148;299.31;340;9812995414;B
20240312;100148;299.31;970;9812995415;B
20240312;100148;299.29;300;9812995421;S
20240312;100149;299.3;10;9812995488;B
20240312;100149;299.3;10;9812995583;B
20240312;100150;299.3;300;9812995615;B
20240312;100150;299.29;500;9812995622;S
20240312;100150;299.29;80;9812995737;S
20240312;100150;299.29;500;9812995738;S
20240312;100151;299.3;20;9812995796;B
20240312;100151;299.29;500;9812995892;S
20240312;100152;299.29;10;9812995958;S
20240312;100152;299.3;200;9812995997;B
20240312;100153;299.3;20;9812996145;B
20240312;100153;299.29;500;9812996154;S
20240312;100153;299.3;250;9812996175;B
20240312;100154;299.3;50;9812996382;B
20240312;100154;299.3;450;9812996385;B
20240312;100154;299.3;340;9812996386;B
20240312;100154;299.3;210;9812996387;B
20240312;100154;299.29;500;9812996424;S
20240312;100154;299.3;290;9812996464;B
20240312;100154;299.3;480;9812996465;B
20240312;100154;299.3;200;9812996466;B
20240312;100154;299.3;1010;9812996467;B
20240312;100154;299.3;340;9812996468;B
20240312;100154;299.3;400;9812996469;B
20240312;100154;299.3;2000;9812996470;B
20240312;100154;299.3;280;9812996471;B
20240312;100154;299.3;300;9812996479;B
20240312;100154;299.3;2000;9812996480;B
20240312;100154;299.3;1010;9812996481;B
20240312;100154;299.31;6690;9812996482;B
20240312;100154;299.29;200;9812996483;S
20240312;100155;299.3;180;9812996650;B
20240312;100155;299.3;1820;9812996692;B
20240312;100155;299.3;1010;9812996693;B
20240312;100155;299.31;170;9812996694;B
20240312;100155;299.29;80;9812996700;S
20240312;100155;299.3;2000;9812996701;B
20240312;100155;299.31;3000;9812996702;B
20240312;100156;299.29;500;9812996731;S
20240312;100156;299.3;2000;9812996838;B
20240312;100156;299.3;1010;9812996839;B
20240312;100156;299.31;1990;9812996840;B
20240312;100156;299.3;100;9812996907;B
20240312;100156;299.3;10;9812996964;B
20240312;100157;299.3;100;9812997090;B
20240312;100157;299.29;330;9812997108;S
20240312;100157;299.29;170;9812997109;S
20240312;100158;299.3;30;9812997190;B
20240312;100159;299.29;300;9812997297;S
20240312;100159;299.29;30;9812997425;S
20240312;100159;299.29;320;9812997426;S
20240312;100200;299.28;400;9812997612;S
20240312;100200;299.29;220;9812997644;B
20240312;100202;299.27;50;9812998117;S
20240312;100202;299.26;20;9812998137;B
20240312;100202;299.26;330;9812998151;B
20240312;100202;299.27;1010;9812998152;B
20240312;100202;299.27;340;9812998153;B
20240312;100202;299.28;2000;9812998154;B
20240312;100202;299.29;10;9812998155;B
20240312;100202;299.3;580;9812998156;B
20240312;100202;299.3;730;9812998191;S
20240312;100203;299.27;100;9812998323;B
20240312;100203;299.27;250;9812998324;B
20240312;100203;299.26;100;9812998336;S
20240312;100204;299.27;10;9812998472;B
20240312;100205;299.27;20;9812998551;B
20240312;100205;299.27;80;9812998554;B
20240312;100206;299.28;200;9812998682;B
20240312;100206;299.28;10;9812998683;B
20240312;100206;299.27;400;9812998766;S
20240312;100206;299.26;10;9812998767;S
20240312;100206;299.26;190;9812998768;S
20240312;100206;299.27;10;9812998779;S
20240312;100207;299.26;30;9812998951;S
20240312;100208;299.26;60;9812999083;S
20240312;100209;299.26;10;9812999288;S
20240312;100209;299.25;10;9812999289;S
20240312;100209;299.25;20;9812999290;S
20240312;100209;299.25;100;9812999291;S
20240312;100209;299.25;30;9812999292;S
20240312;100209;299.25;10;9812999293;S
20240312;100209;299.25;10;9812999294;S
20240312;100209;299.25;310;9812999295;S
20240312;100209;299.26;10;9812999382;B
20240312;100210;299.25;30;9812999479;S
20240312;100210;299.25;20;9812999480;S
20240312;100210;299.25;90;9812999487;S
20240312;100210;299.24;10;9812999488;S
20240312;100210;299.24;10;9812999489;S
20240312;100210;299.24;10;9812999490;S
20240312;100210;299.22;100;9812999491;S
20240312;100210;299.22;200;9812999492;S
20240312;100210;299.21;30;9812999493;S
20240312;100210;299.21;30;9812999494;S
20240312;100210;299.21;10;9812999495;S
20240312;100210;299.21;50;9812999496;S
20240312;100210;299.21;500;9812999497;S
20240312;100210;299.21;50;9812999498;S
20240312;100210;299.21;10;9812999499;S
20240312;100210;299.21;40;9812999500;S
20240312;100210;299.21;20;9812999501;S
20240312;100210;299.2;1840;9812999502;S
20240312;100210;299.24;50;9812999584;B
20240312;100211;299.24;1950;9812999627;B
20240312;100211;299.24;200;9812999628;B
20240312;100211;299.26;340;9812999629;B
20240312;100211;299.26;340;9812999630;B
20240312;100211;299.26;1010;9812999631;B
20240312;100211;299.27;160;9812999632;B
20240312;100211;299.23;100;9812999665;B
20240312;100212;299.23;240;9812999771;B
20240312;100212;299.22;300;9812999832;S
20240312;100212;299.23;10;9812999868;B
20240312;100213;299.22;10;9812999909;S
20240312;100213;299.2;3350;9812999995;S
20240312;100214;299.2;70;9813000032;S
20240312;100214;299.23;100;9813000084;B
20240312;100214;299.21;100;9813000136;S
20240312;100214;299.22;10;9813000137;B
20240312;100215;299.22;10;9813000192;B
20240312;100215;299.22;100;9813000201;B
20240312;100215;299.21;30;9813000245;S
20240312;100216;299.22;130;9813000383;B
20240312;100216;299.22;60;9813000384;B
20240312;100216;299.22;60;9813000470;S
20240312;100216;299.22;280;9813000471;S
20240312;100216;299.22;220;9813000472;S
20240312;100217;299.23;20;9813000578;B
20240312;100217;299.23;20;9813000612;B
20240312;100217;299.24;260;9813000622;B
20240312;100217;299.24;20;9813000661;B
20240312;100217;299.24;10;9813000664;B
20240312;100218;299.24;400;9813000700;B
20240312;100218;299.22;400;9813000765;S
20240312;100218;299.22;340;9813000766;S
20240312;100218;299.22;340;9813000767;S
20240312;100218;299.22;1010;9813000768;S
20240312;100218;299.22;1000;9813000769;S
20240312;100218;299.22;700;9813000770;S
20240312;100218;299.22;2000;9813000771;S
20240312;100218;299.21;20;9813000772;S
20240312;100218;299.21;3000;9813000773;S
20240312;100218;299.2;2690;9813000774;S
20240312;100218;299.2;1580;9813000775;S
20240312;100218;299.2;20;9813000776;S
20240312;100218;299.2;50;9813000777;S
20240312;100218;299.2;200;9813000778;S
20240312;100218;299.2;10;9813000779;S
20240312;100218;299.2;10;9813000780;S
20240312;100218;299.2;100;9813000781;S
20240312;100218;299.2;10;9813000782;S
20240312;100218;299.2;20;9813000783;S
20240312;100218;299.2;10;9813000784;S
20240312;100218;299.2;2000;9813000785;S
20240312;100218;299.2;10;9813000786;S
20240312;100218;299.19;7880;9813000787;S
20240312;100218;299.19;1240;9813000788;S
20240312;100218;299.19;580;9813000789;S
20240312;100218;299.18;250;9813000802;S
20240312;100218;299.18;10;9813000803;S
20240312;100218;299.17;40;9813000804;S
20240312;100218;299.19;3900;9813000821;B
20240312;100218;299.2;400;9813000822;B
20240312;100218;299.2;20;9813000825;S
20240312;100219;299.22;50;9813000993;B
20240312;100219;299.24;290;9813000994;B
20240312;100220;299.25;10;9813001026;B
20240312;100220;299.21;10;9813001032;S
20240312;100220;299.21;100;9813001033;S
20240312;100220;299.21;230;9813001062;B
20240312;100220;299.21;10;9813001115;B
20240312;100220;299.21;10;9813001119;B
20240312;100221;299.2;680;9813001148;S
20240312;100221;299.2;120;9813001149;S
20240312;100221;299.19;100;9813001150;S
20240312;100221;299.16;340;9813001151;S
20240312;100221;299.16;340;9813001152;S
20240312;100221;299.16;1010;9813001153;S
20240312;100221;299.16;410;9813001154;S
20240312;100221;299.2;10;9813001179;B
20240312;100221;299.2;10;9813001188;B
20240312;100221;299.2;40;9813001240;B
20240312;100221;299.21;160;9813001262;B
20240312;100223;299.2;170;9813001461;S
20240312;100223;299.2;10;9813001474;B
20240312;100223;299.2;10;9813001499;B
20240312;100223;299.2;10;9813001572;B
20240312;100223;299.2;90;9813001573;B
20240312;100224;299.15;10;9813001620;S
20240312;100224;299.15;200;9813001621;S
20240312;100224;299.14;50;9813001622;S
20240312;100225;299.2;10;9813001811;B
20240312;100225;299.14;340;9813001813;S
20240312;100225;299.14;340;9813001814;S
20240312;100225;299.14;320;9813001815;S
20240312;100225;299.19;10;9813001824;B
20240312;100225;299.14;100;9813001834;S
20240312;100225;299.2;250;9813001869;B
20240312;100226;299.14;340;9813001887;S
20240312;100226;299.14;60;9813001888;S
20240312;100226;299.2;10;9813001990;B
20240312;100226;299.2;10;9813001991;B
20240312;100226;299.2;10;9813001992;B
20240312;100227;299.2;10;9813002027;B
20240312;100227;299.2;250;9813002078;B
20240312;100227;299.17;20;9813002138;S
20240312;100228;299.17;110;9813002185;S
20240312;100230;299.17;230;9813002504;S
20240312;100230;299.17;570;9813002505;S
20240312;100230;299.21;10;9813002523;B
20240312;100230;299.21;80;9813002616;B
20240312;100231;299.17;100;9813002690;S
20240312;100231;299.17;340;9813002691;S
20240312;100231;299.17;210;9813002692;S
20240312;100232;299.18;20;9813002821;S
20240312;100232;299.2;500;9813002845;S
20240312;100232;299.18;320;9813002846;S
20240312;100232;299.17;800;9813002847;S
20240312;100232;299.17;180;9813002848;S
20240312;100232;299.17;1000;9813002849;S
20240312;100232;299.17;30;9813002850;S
20240312;100232;299.16;170;9813002851;S
20240312;100234;299.17;70;9813003140;S
20240312;100236;299.2;20;9813003794;B
20240312;100236;299.2;80;9813003813;B
20240312;100236;299.21;420;9813003814;B
20240312;100236;299.21;10;9813003944;B
20240312;100236;299.21;40;9813003968;B
20240312;100237;299.19;60;9813004051;S
20240312;100237;299.21;10;9813004171;B
20240312;100238;299.21;10;9813004253;B
20240312;100238;299.19;220;9813004290;S
20240312;100240;299.21;20;9813004649;B
20240312;100240;299.21;50;9813004680;B
20240312;100241;299.2;10;9813004730;S
20240312;100241;299.2;10;9813004731;S
20240312;100241;299.2;50;9813004732;S
20240312;100241;299.19;430;9813004733;S
20240312;100242;299.19;580;9813004970;S
20240312;100242;299.19;340;9813004971;S
20240312;100242;299.18;4000;9813004972;S
20240312;100242;299.17;1080;9813004973;S
20240312;100242;299.19;10;9813005014;S
20240312;100243;299.18;340;9813005085;S
20240312;100243;299.17;3920;9813005086;S
20240312;100243;299.16;740;9813005087;S
20240312;100243;299.18;20;9813005185;B
20240312;100244;299.16;50;9813005306;S
20240312;100244;299.15;10;9813005307;S
20240312;100244;299.15;440;9813005308;S
20240312;100244;299.18;380;9813005348;B
20240312;100244;299.19;190;9813005349;B
20240312;100244;299.19;1010;9813005350;B
20240312;100244;299.2;420;9813005351;B
20240312;100245;299.19;10;9813005432;B
20240312;100245;299.16;100;9813005468;S
20240312;100245;299.15;60;9813005469;S
20240312;100245;299.15;10;9813005470;S
20240312;100245;299.15;10;9813005471;S
20240312;100245;299.15;300;9813005472;S
20240312;100245;299.14;10;9813005473;S
20240312;100245;299.14;10;9813005474;S
20240312;100245;299.13;340;9813005475;S
20240312;100245;299.12;2160;9813005476;S
20240312;100245;299.12;10;9813005524;S
20240312;100246;299.18;10;9813005669;B
20240312;100246;299.16;100;9813005762;B
20240312;100246;299.16;10;9813005767;B
20240312;100247;299.16;100;9813005855;B
20240312;100248;299.16;400;9813005947;B
20240312;100248;299.17;100;9813005948;B
20240312;100248;299.15;50;9813006020;B
20240312;100249;299.15;400;9813006123;B
20240312;100249;299.16;1010;9813006124;B
20240312;100249;299.16;340;9813006125;B
20240312;100249;299.16;340;9813006126;B
20240312;100249;299.17;910;9813006127;B
20240312;100249;299.16;10;9813006151;B
20240312;100250;299.12;50;9813006222;S
20240312;100251;299.16;340;9813006453;S
20240312;100251;299.16;1010;9813006454;S
20240312;100251;299.16;340;9813006455;S
20240312;100251;299.15;310;9813006456;S
20240312;100251;299.19;100;9813006473;B
20240312;100252;299.15;10;9813006576;S
20240312;100252;299.16;10;9813006600;B
20240312;100253;299.15;300;9813006631;S
20240312;100253;299.16;250;9813006649;B
20240312;100253;299.16;2000;9813006650;B
20240312;100253;299.16;1750;9813006651;B
20240312;100253;299.15;120;9813006736;S
20240312;100253;299.15;100;9813006742;S
20240312;100254;299.16;10;9813006790;B
20240312;100254;299.16;400;9813006791;S
20240312;100254;299.16;400;9813006792;S
20240312;100254;299.16;100;9813006799;B
20240312;100254;299.16;400;9813006800;S
20240312;100254;299.15;800;9813006894;S
20240312;100254;299.15;10;9813006919;S
20240312;100255;299.16;60;9813007104;B
20240312;100255;299.16;10;9813007159;B
20240312;100255;299.16;20;9813007160;B
20240312;100255;299.16;520;9813007194;B
20240312;100256;299.16;10;9813007423;B
20240312;100258;299.16;10;9813007762;B
20240312;100258;299.15;10;9813007830;S
20240312;100258;299.15;5840;9813007915;S
20240312;100258;299.15;100;9813007916;S
20240312;100258;299.12;1780;9813007917;S
20240312;100258;299.12;100;9813007918;S
20240312;100258;299.12;50;9813007919;S
20240312;100258;299.12;100;9813007920;S
20240312;100258;299.12;10;9813007921;S
20240312;100258;299.12;20;9813007922;S
20240312;100258;299.14;10;9813007974;B
20240312;100258;299.14;330;9813008001;B
20240312;100258;299.14;50;9813008002;B
20240312;100258;299.14;960;9813008016;B
20240312;100258;299.14;340;9813008017;B
20240312;100258;299.14;400;9813008018;B
20240312;100258;299.14;340;9813008019;B
20240312;100258;299.15;2000;9813008020;B
20240312;100258;299.16;960;9813008021;B
20240312;100301;299.13;10;9813008564;B
20240312;100301;299.13;1000;9813008629;B
20240312;100301;299.13;340;9813008630;B
20240312;100301;299.13;340;9813008631;B
20240312;100301;299.13;320;9813008632;B
20240312;100301;299.12;300;9813008660;S
20240312;100301;299.12;20;9813008661;S
20240312;100301;299.12;200;9813008662;S
20240312;100301;299.12;300;9813008663;S
20240312;100301;299.12;10;9813008664;S
20240312;100301;299.11;100;9813008665;S
20240312;100301;299.11;20;9813008666;S
20240312;100301;299.11;100;9813008667;S
20240312;100301;299.11;100;9813008668;S
20240312;100301;299.11;100;9813008669;S
20240312;100301;299.11;10;9813008670;S
20240312;100301;299.11;500;9813008671;S
20240312;100301;299.11;50;9813008672;S
20240312;100301;299.11;190;9813008673;S
20240312;100301;299.13;30;9813008675;B
20240312;100304;299.1;460;9813009009;S
20240312;100304;299.11;10;9813009048;B
20240312;100304;299.11;60;9813009066;B
20240312;100305;299.11;10;9813009098;B
20240312;100305;299.11;10;9813009109;B
20240312;100305;299.11;10;9813009136;B
20240312;100306;299.1;520;9813009184;S
20240312;100306;299.1;10;9813009213;S
20240312;100306;299.11;1000;9813009216;B
20240312;100306;299.1;3700;9813009227;S
20240312;100307;299.11;900;9813009421;B
20240312;100307;299.11;520;9813009422;B
20240312;100307;299.11;2000;9813009423;B
20240312;100307;299.11;1010;9813009424;B
20240312;100307;299.11;340;9813009425;B
20240312;100307;299.11;580;9813009426;B
20240312;100307;299.11;200;9813009427;B
20240312;100307;299.11;500;9813009428;B
20240312;100307;299.11;340;9813009429;B
20240312;100307;299.11;2000;9813009430;B
20240312;100307;299.11;1700;9813009431;B
20240312;100307;299.11;600;9813009432;B
20240312;100307;299.11;400;9813009433;B
20240312;100307;299.11;2000;9813009434;S
20240312;100308;299.11;1910;9813009589;S
20240312;100308;299.1;1090;9813009590;S
20240312;100309;299.11;100;9813009829;B
20240312;100310;299.11;580;9813009885;B
20240312;100310;299.11;2000;9813009886;B
20240312;100310;299.11;340;9813009887;B
20240312;100310;299.11;1080;9813009888;B
20240312;100310;299.11;30;9813009975;B
20240312;100310;299.11;100;9813009980;B
20240312;100311;299.11;40;9813010165;B
20240312;100311;299.11;10;9813010192;B
20240312;100312;299.1;1500;9813010269;S
20240312;100312;299.11;50;9813010387;B
20240312;100313;299.1;100;9813010542;S
20240312;100313;299.11;350;9813010580;B
20240312;100313;299.11;2000;9813010581;B
20240312;100313;299.11;2000;9813010582;B
20240312;100313;299.11;2000;9813010583;B
20240312;100313;299.11;300;9813010584;B
20240312;100313;299.11;1010;9813010585;B
20240312;100313;299.11;340;9813010586;B
20240312;100313;299.11;200;9813010587;B
20240312;100313;299.11;16800;9813010589;S
20240312;100313;299.11;290;9813010590;S
20240312;100313;299.1;6320;9813010591;S
20240312;100313;299.1;80;9813010592;S
20240312;100313;299.1;10;9813010593;S
20240312;100313;299.1;10;9813010594;S
20240312;100313;299.1;300;9813010595;S
20240312;100313;299.1;30;9813010596;S
20240312;100313;299.1;80;9813010597;S
20240312;100313;299.1;2000;9813010598;S
20240312;100313;299.1;1540;9813010599;S
20240312;100314;299.11;500;9813010680;B
20240312;100314;299.1;450;9813011120;S
20240312;100314;299.1;520;9813011145;S
20240312;100314;299.1;30;9813011151;S
20240312;100314;299.1;5000;9813011191;S
20240312;100315;299.1;20;9813011314;S
20240312;100315;299.1;130;9813011411;S
20240312;100315;299.1;160;9813011524;S
20240312;100317;299.1;10;9813011897;S
20240312;100317;299.1;200;9813011953;S
20240312;100317;299.1;10;9813011997;S
20240312;100317;299.1;70;9813012006;S
20240312;100318;299.1;10;9813012101;S
20240312;100318;299.1;1400;9813012117;S
20240312;100318;299.11;70;9813012119;B
20240312;100318;299.1;450;9813012162;S
20240312;100318;299.1;30;9813012163;S
20240312;100318;299.1;50;9813012164;S
20240312;100318;299.1;10;9813012165;S
20240312;100318;299.1;70;9813012166;S
20240312;100318;299.1;200;9813012167;S
20240312;100318;299.1;20;9813012168;S
20240312;100318;299.1;6000;9813012169;S
20240312;100318;299.1;300;9813012170;S
20240312;100318;299.1;10;9813012171;S
20240312;100318;299.1;500;9813012172;S
20240312;100318;299.1;100;9813012173;S
20240312;100318;299.1;20;9813012174;S
20240312;100318;299.1;10;9813012175;S
20240312;100318;299.1;500;9813012176;S
20240312;100318;299.1;10;9813012177;S
20240312;100318;299.1;20;9813012178;S
20240312;100318;299.09;100;9813012179;S
20240312;100318;299.09;100;9813012180;S
20240312;100319;299.07;100;9813012197;S
20240312;100319;299.08;20;9813012203;B
20240312;100319;299.07;10;9813012208;S
20240312;100319;299.08;340;9813012233;B
20240312;100319;299.08;10;9813012256;B
20240312;100319;299.07;890;9813012285;S
20240312;100319;299.07;70;9813012286;S
20240312;100319;299.07;230;9813012287;S
20240312;100319;299.07;10;9813012288;S
20240312;100319;299.07;10;9813012289;S
20240312;100319;299.07;20;9813012290;S
20240312;100319;299.07;10;9813012291;S
20240312;100320;299.06;110;9813012383;S
20240312;100320;299.06;90;9813012392;S
20240312;100320;299.06;10;9813012393;S
20240312;100320;299.07;400;9813012429;B
20240312;100320;299.07;250;9813012430;B
20240312;100320;299.07;100;9813012516;B
20240312;100321;299.06;4990;9813012593;S
20240312;100321;299.06;30;9813012594;S
20240312;100321;299.06;300;9813012595;S
20240312;100321;299.06;100;9813012596;S
20240312;100321;299.05;10;9813012597;S
20240312;100321;299.05;10;9813012598;S
20240312;100321;299.05;100;9813012599;S
20240312;100321;299.05;20;9813012600;S
20240312;100321;299.05;20;9813012601;S
20240312;100321;299.04;60;9813012602;S
20240312;100321;299.04;120;9813012603;S
20240312;100321;299.02;10;9813012604;S
20240312;100321;299.02;50;9813012605;S
20240312;100321;299.02;500;9813012606;S
20240312;100321;299.01;10;9813012607;S
20240312;100321;299.01;40;9813012608;S
20240312;100321;299.01;350;9813012609;S
20240312;100321;299.01;100;9813012610;S
20240312;100321;299.01;100;9813012611;S
20240312;100321;299.01;260;9813012612;S
20240312;100321;299;1160;9813012613;S
20240312;100321;299;10;9813012614;S
20240312;100321;299;500;9813012615;S
20240312;100321;299;50;9813012616;S
20240312;100321;299;10;9813012617;S
20240312;100321;299;10;9813012618;S
20240312;100321;299;50;9813012619;S
20240312;100321;299;100;9813012620;S
20240312;100321;299;100;9813012621;S
20240312;100321;299;30;9813012622;S
20240312;100321;299;300;9813012623;S
20240312;100321;299;10;9813012624;S
20240312;100321;299;10;9813012625;S
20240312;100321;299;300;9813012626;S
20240312;100321;299;40;9813012627;S
20240312;100321;299;50;9813012628;S
20240312;100321;299;20;9813012629;S
20240312;100321;299;40;9813012630;S
20240312;100321;299;50;9813012631;S
20240312;100321;299;270;9813012632;S
20240312;100321;299;10;9813012633;S
20240312;100321;299;100;9813012634;S
20240312;100321;299;500;9813012635;S
20240312;100321;299;10;9813012636;S
20240312;100321;299;1000;9813012637;S
20240312;100321;299;20;9813012638;S
20240312;100321;299;1000;9813012639;S
20240312;100321;299;100;9813012640;S
20240312;100321;299;100;9813012641;S
20240312;100321;299;200;9813012642;S
20240312;100321;299;100;9813012643;S
20240312;100321;299;10;9813012644;S
20240312;100321;299;500;9813012645;S
20240312;100321;299;30;9813012646;S
20240312;100321;299;10;9813012647;S
20240312;100321;299;10;9813012648;S
20240312;100321;299;20;9813012649;S
20240312;100321;299;300;9813012650;S
20240312;100321;299;100;9813012651;S
20240312;100321;299;10;9813012652;S
20240312;100321;299;20;9813012653;S
20240312;100321;299;200;9813012654;S
20240312;100321;299;10;9813012655;S
20240312;100321;299;10;9813012656;S
20240312;100321;299;20;9813012657;S
20240312;100321;299;100;9813012658;S
20240312;100321;299;10;9813012659;S
20240312;100321;299;30;9813012660;S
20240312;100321;299;5000;9813012661;S
20240312;100321;298.99;10;9813012706;B
20240312;100321;298.99;20;9813012715;B
20240312;100321;298.99;10;9813012722;B
20240312;100321;298.98;20;9813012723;S
20240312;100321;298.98;100;9813012724;S
20240312;100321;298.97;10;9813012725;S
20240312;100321;298.97;100;9813012726;S
20240312;100321;298.97;10;9813012727;S
20240312;100321;298.97;720;9813012728;S
20240312;100321;298.97;200;9813012735;B
20240312;100322;298.96;10;9813012826;S
20240312;100322;298.97;10;9813012835;B
20240312;100322;298.97;50;9813012957;B
20240312;100323;298.97;10;9813013022;B
20240312;100324;298.97;60;9813013303;B
20240312;100324;298.97;330;9813013304;B
20240312;100325;298.97;50;9813013371;B
20240312;100325;298.96;310;9813013428;S
20240312;100326;298.96;180;9813013464;S
20240312;100326;298.96;160;9813013465;S
20240312;100326;298.96;500;9813013466;S
20240312;100326;298.95;10;9813013497;S
20240312;100326;298.95;10;9813013498;S
20240312;100326;298.95;30;9813013499;S
20240312;100326;298.95;50;9813013500;S
20240312;100327;298.95;50;9813013587;S
20240312;100327;298.94;30;9813013588;S
20240312;100327;298.93;20;9813013589;S
20240312;100327;298.92;1500;9813013590;S
20240312;100327;298.92;200;9813013591;S
20240312;100327;298.92;30;9813013592;S
20240312;100327;298.92;30;9813013593;S
20240312;100327;298.92;350;9813013594;S
20240312;100327;298.91;10;9813013595;S
20240312;100327;298.9;200;9813013596;S
20240312;100327;298.9;10;9813013597;S
20240312;100327;298.9;100;9813013598;S
20240312;100327;298.9;500;9813013599;S
20240312;100327;298.9;10;9813013600;S
20240312;100327;298.9;1960;9813013601;S
20240312;100327;298.9;100;9813013717;S
20240312;100327;298.91;10;9813013739;B
20240312;100328;298.9;100;9813013757;S
20240312;100328;298.91;10;9813013783;B
20240312;100328;298.91;40;9813013828;B
20240312;100328;298.91;50;9813013834;B
20240312;100328;298.9;650;9813013846;S
20240312;100328;298.9;190;9813013847;S
20240312;100328;298.9;1000;9813013848;S
20240312;100328;298.89;20;9813013849;S
20240312;100328;298.89;10;9813013850;S
20240312;100328;298.89;350;9813013851;S
20240312;100328;298.88;10;9813013894;S
20240312;100328;298.88;40;9813013895;S
20240312;100328;298.88;150;9813013896;S
20240312;100328;298.88;100;9813013897;S
20240312;100329;298.89;10;9813013952;B
20240312;100329;298.88;50;9813013959;S
20240312;100329;298.87;100;9813013960;S
20240312;100329;298.87;10;9813013961;S
20240312;100329;298.85;10;9813013962;S
20240312;100329;298.85;180;9813013963;S
20240312;100329;298.85;60;9813013977;S
20240312;100329;298.85;9760;9813014048;S
20240312;100329;298.84;350;9813014049;S
20240312;100329;298.83;10;9813014050;S
20240312;100329;298.83;100;9813014051;S
20240312;100329;298.83;500;9813014052;S
20240312;100329;298.83;280;9813014053;S
20240312;100330;298.84;10;9813014112;B
20240312;100330;298.83;320;9813014138;S
20240312;100330;298.83;100;9813014139;S
20240312;100330;298.83;10;9813014140;S
20240312;100330;298.83;10;9813014141;S
20240312;100330;298.83;100;9813014142;S
20240312;100330;298.82;20;9813014144;S
20240312;100330;298.82;20;9813014145;S
20240312;100330;298.82;50;9813014146;S
20240312;100330;298.82;100;9813014147;S
20240312;100330;298.82;10;9813014148;S
20240312;100330;298.82;1000;9813014198;S
20240312;100330;298.83;50;9813014215;B
20240312;100330;298.83;10;9813014289;B
20240312;100331;298.83;20;9813014374;B
20240312;100331;298.82;20;9813014376;S
20240312;100331;298.83;1400;9813014427;B
20240312;100332;298.82;700;9813014438;S
20240312;100332;298.82;700;9813014461;S
20240312;100332;298.83;10;9813014535;B
20240312;100332;298.83;10;9813014615;B
20240312;100332;298.82;70;9813014616;S
20240312;100332;298.82;1010;9813014617;S
20240312;100332;298.83;10;9813014619;B
20240312;100333;298.82;710;9813014749;S
20240312;100333;298.82;710;9813014775;S
20240312;100333;298.82;710;9813014811;S
20240312;100333;298.82;70;9813014813;S
20240312;100333;298.81;100;9813014814;S
20240312;100333;298.81;50;9813014815;S
20240312;100333;298.81;20;9813014816;S
20240312;100333;298.81;250;9813014817;S
20240312;100333;298.81;10;9813014818;S
20240312;100333;298.8;10;9813014819;S
20240312;100333;298.8;30;9813014820;S
20240312;100333;298.8;40;9813014821;S
20240312;100333;298.8;130;9813014822;S
20240312;100333;298.8;650;9813014835;S
20240312;100333;298.8;350;9813014836;S
20240312;100333;298.8;710;9813014908;S
20240312;100333;298.8;710;9813014925;S
20240312;100333;298.81;10;9813015046;B
20240312;100333;298.8;100;9813015124;S
20240312;100334;298.8;100;9813015155;S
20240312;100334;298.8;100;9813015167;S
20240312;100334;298.81;10;9813015209;B
20240312;100334;298.81;10;9813015256;B
20240312;100334;298.81;10;9813015265;B
20240312;100335;298.81;40;9813015368;B
20240312;100335;298.81;260;9813015395;B
20240312;100335;298.81;120;9813015396;B
20240312;100335;298.81;10;9813015397;B
20240312;100335;298.81;30;9813015475;B
20240312;100335;298.8;1900;9813015528;S
20240312;100335;298.8;400;9813015529;S
20240312;100336;298.8;660;9813015547;S
20240312;100336;298.8;100;9813015548;S
20240312;100336;298.8;50;9813015549;S
20240312;100336;298.8;190;9813015550;S
20240312;100336;298.81;10;9813015752;B
20240312;100337;298.8;60;9813015778;S
20240312;100337;298.8;440;9813015779;S
20240312;100337;298.81;10;9813015791;B
20240312;100337;298.8;500;9813015847;S
20240312;100337;298.8;100;9813015920;S
20240312;100337;298.8;200;9813015921;S
20240312;100337;298.8;600;9813015923;S
20240312;100337;298.8;100;9813015925;S
20240312;100337;298.8;300;9813015926;S
20240312;100337;298.8;600;9813015927;S
20240312;100337;298.8;300;9813015928;S
20240312;100337;298.8;100;9813015929;S
20240312;100337;298.8;100;9813015930;S
20240312;100337;298.8;300;9813015931;S
20240312;100337;298.8;100;9813015934;S
20240312;100337;298.8;200;9813015935;S
20240312;100337;298.8;100;9813015936;S
20240312;100337;298.8;300;9813015937;S
20240312;100337;298.8;300;9813015938;S
20240312;100337;298.8;100;9813015939;S
20240312;100337;298.8;200;9813015940;S
20240312;100337;298.8;100;9813015942;S
20240312;100337;298.8;100;9813015943;S
20240312;100337;298.8;200;9813015946;S
20240312;100337;298.8;200;9813015947;S
20240312;100337;298.8;100;9813015948;S
20240312;100337;298.8;300;9813015949;S
20240312;100337;298.8;300;9813015951;S
20240312;100337;298.8;300;9813015952;S
20240312;100337;298.8;100;9813015953;S
20240312;100337;298.8;200;9813015954;S
20240312;100338;298.8;100;9813015955;S
20240312;100338;298.8;100;9813015956;S
20240312;100338;298.8;200;9813015959;S
20240312;100338;298.8;100;9813015960;S
20240312;100338;298.81;10;9813016057;B
20240312;100338;298.8;140;9813016151;S
20240312;100338;298.8;140;9813016153;S
20240312;100339;298.81;10;9813016210;B
20240312;100339;298.8;100;9813016247;S
20240312;100339;298.8;5000;9813016309;S
20240312;100339;298.81;10;9813016319;B
20240312;100339;298.8;2990;9813016332;S
20240312;100339;298.8;500;9813016346;S
20240312;100339;298.8;1000;9813016347;S
20240312;100339;298.8;600;9813016348;S
20240312;100339;298.8;1000;9813016349;S
20240312;100339;298.8;2000;9813016350;S
20240312;100339;298.8;200;9813016351;S
20240312;100339;298.8;100;9813016352;S
20240312;100340;298.8;1900;9813016390;S
20240312;100340;298.8;2000;9813016391;S
20240312;100340;298.8;1000;9813016392;S
20240312;100340;298.8;1000;9813016393;S
20240312;100340;298.8;1000;9813016394;S
20240312;100340;298.8;1990;9813016396;S
20240312;100340;298.8;10;9813016397;S
20240312;100340;298.8;990;9813016398;S
20240312;100340;298.8;10;9813016399;S
20240312;100340;298.8;10;9813016400;S
20240312;100340;298.8;990;9813016401;S
20240312;100340;298.8;1000;9813016402;S
20240312;100340;298.8;2000;9813016403;S
20240312;100340;298.8;1000;9813016404;S
20240312;100340;298.8;1000;9813016405;S
20240312;100340;298.8;1000;9813016406;S
20240312;100340;298.8;1000;9813016407;S
20240312;100340;298.8;1000;9813016408;S
20240312;100340;298.8;1000;9813016409;S
20240312;100340;298.8;1000;9813016410;S
20240312;100340;298.8;1000;9813016411;S
20240312;100340;298.8;1000;9813016412;S
20240312;100340;298.8;1000;9813016413;S
20240312;100340;298.8;1000;9813016414;S
20240312;100340;298.8;1000;9813016416;S
20240312;100340;298.8;1000;9813016432;S
20240312;100340;298.8;1000;9813016433;S
20240312;100340;298.8;1000;9813016434;S
20240312;100340;298.8;600;9813016435;S
20240312;100340;298.81;90;9813016466;B
20240312;100340;298.81;410;9813016467;B
20240312;100340;298.81;100;9813016483;B
20240312;100340;298.8;410;9813016507;S
20240312;100340;298.8;2540;9813016508;S
20240312;100340;298.8;2000;9813016511;S
20240312;100340;298.81;30;9813016522;B
20240312;100340;298.8;50;9813016523;S
20240312;100341;298.81;10;9813016581;B
20240312;100341;298.81;30;9813016625;B
20240312;100341;298.81;130;9813016626;B
20240312;100341;298.81;2000;9813016628;B
20240312;100341;298.81;100;9813016629;B
20240312;100341;298.81;100;9813016630;B
20240312;100341;298.81;110;9813016631;B
20240312;100341;298.8;100;9813016697;S
20240312;100341;298.8;7500;9813016709;S
20240312;100341;298.81;100;9813016743;B
20240312;100341;298.81;10;9813016744;B
20240312;100342;298.8;2810;9813016771;S
20240312;100342;298.8;10;9813016772;S
20240312;100342;298.8;100;9813016773;S
20240312;100342;298.8;100;9813016774;S
20240312;100342;298.8;10;9813016775;S
20240312;100342;298.8;5000;9813016776;S
20240312;100342;298.8;280;9813016777;S
20240312;100342;298.8;140;9813016778;S
20240312;100342;298.8;10;9813016779;S
20240312;100342;298.8;30;9813016780;S
20240312;100342;298.79;10;9813016781;S
20240312;100342;298.79;500;9813016782;S
20240312;100342;298.78;160;9813016783;S
20240312;100342;298.77;10;9813016785;S
20240312;100342;298.77;500;9813016786;S
20240312;100342;298.77;10;9813016787;S
20240312;100342;298.75;20;9813016788;S
20240312;100342;298.75;30;9813016789;S
20240312;100342;298.75;20;9813016790;S
20240312;100342;298.75;50;9813016791;S
20240312;100342;298.75;250;9813016792;S
20240312;100342;298.75;1020;9813016793;S
20240312;100342;298.75;1370;9813016794;S
20240312;100342;298.75;600;9813016796;S
20240312;100342;298.75;1000;9813016797;S
20240312;100342;298.75;10;9813016799;S
20240312;100342;298.75;180;9813016805;S
20240312;100342;298.75;180;9813016806;S
20240312;100342;298.76;300;9813016820;B
20240312;100342;298.76;580;9813016821;B
20240312;100342;298.76;570;9813016822;B
20240312;100342;298.75;320;9813016877;S
20240312;100342;298.76;10;9813016894;B
20240312;100342;298.76;390;9813016907;B
20240312;100342;298.76;200;9813016908;B
20240312;100342;298.76;410;9813016909;B
20240312;100343;298.76;200;9813016931;B
20240312;100343;298.75;100;9813016947;S
20240312;100343;298.75;30;9813016950;S
20240312;100343;298.76;10;9813016973;B
20240312;100343;298.75;100;9813017016;S
20240312;100343;298.75;90;9813017017;S
20240312;100343;298.75;300;9813017019;S
20240312;100343;298.75;100;9813017020;S
20240312;100343;298.75;200;9813017021;S
20240312;100343;298.75;100;9813017022;S
20240312;100343;298.75;100;9813017023;S
20240312;100343;298.75;100;9813017024;S
20240312;100343;298.75;100;9813017025;S
20240312;100343;298.75;100;9813017026;S
20240312;100343;298.75;100;9813017027;S
20240312;100343;298.75;100;9813017028;S
20240312;100343;298.75;200;9813017029;S
20240312;100343;298.75;100;9813017031;S
20240312;100343;298.75;100;9813017034;S
20240312;100344;298.76;10;9813017069;B
20240312;100344;298.76;30;9813017123;B
20240312;100345;298.76;1950;9813017299;B
20240312;100345;298.76;50;9813017300;B
20240312;100345;298.75;3300;9813017326;S
20240312;100345;298.75;50;9813017327;S
20240312;100345;298.74;10;9813017328;S
20240312;100345;298.74;10;9813017329;S
20240312;100345;298.74;70;9813017330;S
20240312;100345;298.73;100;9813017331;S
20240312;100345;298.73;1000;9813017332;S
20240312;100345;298.72;2060;9813017333;S
20240312;100345;298.73;60;9813017341;B
20240312;100345;298.73;10;9813017359;B
20240312;100345;298.73;10;9813017404;B
20240312;100346;298.73;100;9813017431;B
20240312;100346;298.73;10;9813017443;B
20240312;100346;298.73;10;9813017447;B
20240312;100346;298.72;200;9813017455;S
20240312;100346;298.73;10;9813017457;B
20240312;100346;298.72;2740;9813017460;S
20240312;100346;298.72;700;9813017461;S
20240312;100346;298.72;250;9813017462;S
20240312;100346;298.72;500;9813017463;S
20240312;100346;298.72;810;9813017464;S
20240312;100346;298.73;150;9813017476;B
20240312;100346;298.72;190;9813017477;S
20240312;100346;298.72;50;9813017478;S
20240312;100346;298.71;230;9813017479;S
20240312;100346;298.71;800;9813017480;S
20240312;100346;298.71;50;9813017481;S
20240312;100346;298.71;160;9813017482;S
20240312;100346;298.7;40;9813017483;S
20240312;100346;298.7;150;9813017484;S
20240312;100346;298.7;330;9813017485;S
20240312;100346;298.71;500;9813017511;B
20240312;100346;298.71;80;9813017516;B
20240312;100346;298.71;300;9813017517;B
20240312;100346;298.71;990;9813017518;B
20240312;100346;298.71;10;9813017520;B
20240312;100346;298.71;30;9813017523;B
20240312;100346;298.71;50;9813017562;B
20240312;100347;298.7;340;9813017573;S
20240312;100347;298.71;10;9813017582;B
20240312;100347;298.7;500;9813017670;S
20240312;100348;298.71;100;9813017731;B
20240312;100348;298.7;3830;9813017753;S
20240312;100348;298.7;20;9813017754;S
20240312;100348;298.7;1000;9813017755;S
20240312;100348;298.7;1000;9813017756;S
20240312;100348;298.7;10;9813017757;S
20240312;100348;298.7;1640;9813017758;S
20240312;100348;298.7;1360;9813017767;S
20240312;100348;298.7;110;9813017768;S
20240312;100348;298.7;30;9813017769;S
20240312;100348;298.7;20;9813017770;S
20240312;100348;298.68;20;9813017771;S
20240312;100348;298.68;20;9813017772;S
20240312;100348;298.68;200;9813017773;S
20240312;100348;298.67;740;9813017774;S
20240312;100348;298.65;10;9813017775;S
20240312;100348;298.65;6690;9813017776;S
20240312;100348;298.65;1380;9813017777;S
20240312;100348;298.65;100;9813017789;S
20240312;100348;298.66;1000;9813017826;B
20240312;100348;298.66;300;9813017827;B
20240312;100348;298.66;1000;9813017828;B
20240312;100348;298.66;700;9813017829;B
20240312;100348;298.65;200;9813017896;S
20240312;100349;298.65;100;9813017972;S
20240312;100349;298.66;100;9813018027;B
20240312;100350;298.65;2910;9813018162;S
20240312;100350;298.64;10;9813018163;S
20240312;100350;298.64;10;9813018164;S
20240312;100350;298.64;340;9813018165;S
20240312;100350;298.64;1010;9813018166;S
20240312;100350;298.63;10;9813018167;S
20240312;100350;298.63;2000;9813018168;S
20240312;100350;298.63;10;9813018169;S
20240312;100350;298.63;400;9813018170;S
20240312;100350;298.62;730;9813018171;S
20240312;100350;298.61;800;9813018172;S
20240312;100350;298.61;10;9813018173;S
20240312;100350;298.6;20;9813018174;S
20240312;100350;298.6;40;9813018175;S
20240312;100350;298.6;10;9813018176;S
20240312;100350;298.6;10;9813018177;S
20240312;100350;298.6;10;9813018178;S
20240312;100350;298.6;30;9813018179;S
20240312;100350;298.6;80;9813018180;S
20240312;100350;298.6;50;9813018181;S
20240312;100350;298.6;640;9813018182;S
20240312;100350;298.61;40;9813018209;B
20240312;100350;298.6;150;9813018216;S
20240312;100350;298.61;50;9813018226;B
20240312;100350;298.61;110;9813018287;B
20240312;100350;298.61;100;9813018288;B
20240312;100350;298.61;400;9813018289;B
20240312;100350;298.61;200;9813018290;B
20240312;100350;298.61;2000;9813018291;B
20240312;100350;298.61;100;9813018292;B
20240312;100350;298.61;720;9813018293;B
20240312;100350;298.61;200;9813018294;B
20240312;100350;298.63;300;9813018295;B
20240312;100350;298.63;400;9813018296;B
20240312;100350;298.65;340;9813018297;B
20240312;100350;298.65;130;9813018298;B
20240312;100350;298.65;2000;9813018318;B
20240312;100350;298.65;30;9813018319;S
20240312;100350;298.65;300;9813018340;S
20240312;100350;298.65;50;9813018351;S
20240312;100351;298.66;10;9813018352;B
20240312;100351;298.65;950;9813018414;S
20240312;100351;298.62;410;9813018415;S
20240312;100351;298.62;10;9813018427;S
20240312;100351;298.62;100;9813018430;S
20240312;100351;298.65;200;9813018434;B
20240312;100351;298.64;10;9813018480;B
20240312;100351;298.64;10;9813018534;B
20240312;100352;298.63;10;9813018545;S
20240312;100352;298.62;400;9813018599;S
20240312;100352;298.61;10;9813018600;S
20240312;100352;298.61;290;9813018601;S
20240312;100352;298.62;400;9813018657;S
20240312;100352;298.61;720;9813018658;S
20240312;100352;298.61;710;9813018659;S
20240312;100352;298.6;210;9813018660;S
20240312;100352;298.6;200;9813018661;S
20240312;100352;298.6;30;9813018662;S
20240312;100352;298.6;50;9813018663;S
20240312;100352;298.6;100;9813018664;S
20240312;100352;298.6;10;9813018665;S
20240312;100352;298.6;10;9813018666;S
20240312;100352;298.6;1440;9813018667;S
20240312;100352;298.6;10;9813018668;S
20240312;100352;298.6;580;9813018669;S
20240312;100352;298.59;10;9813018670;S
20240312;100352;298.59;10;9813018671;S
20240312;100352;298.59;580;9813018672;S
20240312;100352;298.59;1000;9813018673;S
20240312;100352;298.58;300;9813018674;S
20240312;100352;298.58;580;9813018675;S
20240312;100352;298.57;50;9813018676;S
20240312;100352;298.57;580;9813018677;S
20240312;100352;298.57;2000;9813018678;S
20240312;100352;298.56;10;9813018679;S
20240312;100352;298.56;410;9813018680;S
20240312;100352;298.63;10;9813018690;B
20240312;100352;298.55;50;9813018697;S
20240312;100352;298.55;50;9813018698;S
20240312;100353;298.61;10;9813018819;B
20240312;100354;298.6;10;9813018895;B
20240312;100354;298.6;90;9813018896;B
20240312;100354;298.59;10;9813018947;B
20240312;100354;298.59;10;9813019006;B
20240312;100355;298.58;400;9813019020;S
20240312;100355;298.58;690;9813019021;S
20240312;100355;298.57;10;9813019022;S
20240312;100355;298.57;1900;9813019023;S
20240312;100355;298.59;10;9813019080;B
20240312;100355;298.59;10;9813019081;B
20240312;100355;298.59;10;9813019082;B
20240312;100355;298.59;110;9813019083;B
20240312;100355;298.59;1000;9813019088;B
20240312;100355;298.6;10;9813019108;B
20240312;100356;298.6;1910;9813019140;B
20240312;100356;298.6;40;9813019141;B
20240312;100356;298.6;2000;9813019142;B
20240312;100356;298.61;50;9813019192;B
20240312;100356;298.6;970;9813019220;S
20240312;100356;298.6;80;9813019223;S
20240312;100356;298.6;880;9813019224;S
20240312;100357;298.61;10;9813019239;B
20240312;100357;298.61;10;9813019267;B
20240312;100357;298.61;200;9813019324;B
20240312;100357;298.61;2000;9813019325;B
20240312;100357;298.62;400;9813019330;S
20240312;100357;298.61;120;9813019331;S
20240312;100357;298.61;10;9813019344;S
20240312;100358;298.66;100;9813019402;B
20240312;100358;298.62;100;9813019453;S
20240312;100358;298.62;50;9813019454;S
20240312;100358;298.62;340;9813019455;S
20240312;100358;298.62;400;9813019456;S
20240312;100358;298.61;110;9813019457;S
20240312;100359;298.66;90;9813019497;B
20240312;100359;298.66;910;9813019498;B
20240312;100359;298.66;50;9813019544;B
20240312;100359;298.66;40;9813019573;B
20240312;100359;298.66;580;9813019574;B
20240312;100359;298.66;380;9813019575;B
20240312;100400;298.66;110;9813019632;B
20240312;100400;298.66;1000;9813019662;B
20240312;100401;298.66;580;9813019762;B
20240312;100401;298.66;400;9813019763;B
20240312;100401;298.66;2000;9813019764;B
20240312;100401;298.66;20;9813019765;B
20240312;100401;298.66;10;9813019949;B
20240312;100401;298.65;40;9813019954;S
20240312;100402;298.65;10;9813020033;S
20240312;100402;298.62;250;9813020034;S
20240312;100402;298.62;20;9813020035;S
20240312;100402;298.61;50;9813020036;S
20240312;100402;298.61;290;9813020065;S
20240312;100402;298.61;340;9813020066;S
20240312;100402;298.61;1010;9813020067;S
20240312;100402;298.61;5710;9813020109;B
20240312;100402;298.61;2000;9813020110;B
20240312;100403;298.65;1000;9813020138;B
20240312;100403;298.65;10;9813020172;B
20240312;100403;298.64;10;9813020176;S
20240312;100403;298.64;30;9813020177;S
20240312;100403;298.65;200;9813020227;B
20240312;100403;298.65;50;9813020267;B
20240312;100404;298.65;10;9813020293;B
20240312;100404;298.64;190;9813020318;S
20240312;100405;298.65;100;9813020409;B
20240312;100405;298.65;10;9813020504;B
20240312;100405;298.65;10;9813020513;B
20240312;100406;298.65;20;9813020599;B
20240312;100406;298.65;30;9813020626;B
20240312;100406;298.65;150;9813020627;B
20240312;100406;298.65;1590;9813020628;B
20240312;100406;298.66;1070;9813020629;B
20240312;100406;298.66;50;9813020630;B
20240312;100406;298.67;580;9813020631;B
20240312;100406;298.67;30;9813020632;B
20240312;100406;298.68;10;9813020633;B
20240312;100406;298.68;580;9813020634;B
20240312;100406;298.68;10;9813020635;B
20240312;100406;298.69;5930;9813020636;B
20240312;100406;298.69;20;9813020638;B
20240312;100406;298.73;30;9813020641;B
20240312;100406;298.75;80;9813020642;B
20240312;100406;298.69;40;9813020656;B
20240312;100407;298.68;10;9813020749;S
20240312;100407;298.67;50;9813020750;S
20240312;100408;298.68;340;9813020838;S
20240312;100408;298.68;1010;9813020839;S
20240312;100408;298.68;340;9813020840;S
20240312;100408;298.67;950;9813020841;S
20240312;100408;298.67;2000;9813020842;S
20240312;100408;298.66;400;9813020843;S
20240312;100408;298.65;10;9813020844;S
20240312;100408;298.65;400;9813020845;S
20240312;100408;298.64;50;9813020846;S
20240312;100408;298.64;100;9813020847;S
20240312;100408;298.64;340;9813020848;S
20240312;100408;298.69;130;9813020926;B
20240312;100409;298.66;10;9813020955;S
20240312;100409;298.65;90;9813020956;S
20240312;100409;298.65;250;9813020967;S
20240312;100409;298.65;240;9813020968;S
20240312;100409;298.69;100;9813021024;B
20240312;100409;298.68;400;9813021079;B
20240312;100409;298.69;1600;9813021080;B
20240312;100410;298.67;50;9813021171;S
20240312;100410;298.65;20;9813021172;S
20240312;100410;298.7;580;9813021216;B
20240312;100410;298.7;400;9813021217;B
20240312;100410;298.7;1020;9813021218;B
20240312;100410;298.67;240;9813021246;S
20240312;100410;298.66;260;9813021247;S
20240312;100411;298.7;10;9813021449;B
20240312;100411;298.7;10;9813021452;B
20240312;100411;298.7;260;9813021493;B
20240312;100411;298.7;240;9813021494;B
20240312;100411;298.69;500;9813021535;S
20240312;100411;298.68;370;9813021536;S
20240312;100411;298.68;640;9813021537;S
20240312;100411;298.68;10;9813021538;S
20240312;100411;298.67;20;9813021539;S
20240312;100411;298.66;40;9813021540;S
20240312;100411;298.65;340;9813021541;S
20240312;100411;298.65;10;9813021542;S
20240312;100411;298.65;1010;9813021543;S
20240312;100411;298.64;1030;9813021544;S
20240312;100411;298.69;20;9813021558;B
20240312;100411;298.69;200;9813021576;B
20240312;100412;298.66;100;9813021649;S
20240312;100412;298.65;100;9813021650;S
20240312;100412;298.64;10;9813021651;S
20240312;100412;298.64;10;9813021652;S
20240312;100412;298.64;250;9813021653;S
20240312;100412;298.64;720;9813021654;S
20240312;100413;298.7;1000;9813021784;B
20240312;100413;298.7;150;9813021846;B
20240312;100414;298.7;200;9813021907;B
20240312;100414;298.69;10;9813021910;S
20240312;100414;298.68;100;9813021911;S
20240312;100414;298.68;50;9813021912;S
20240312;100414;298.69;2000;9813021978;B
20240312;100414;298.69;10;9813021988;B
20240312;100415;298.69;570;9813022018;B
20240312;100415;298.69;30;9813022019;B
20240312;100417;298.69;10;9813022252;B
20240312;100417;298.69;50;9813022307;B
20240312;100417;298.69;2000;9813022379;B
20240312;100418;298.69;250;9813022479;B
20240312;100419;298.68;100;9813022533;S
20240312;100419;298.68;260;9813022534;S
20240312;100419;298.68;290;9813022535;S
20240312;100419;298.69;20;9813022630;B
20240312;100419;298.68;10;9813022679;S
20240312;100419;298.68;10;9813022680;S
20240312;100419;298.68;20;9813022681;S
20240312;100419;298.68;90;9813022685;S
20240312;100420;298.69;1980;9813022708;B
20240312;100420;298.69;2000;9813022709;B
20240312;100420;298.69;20;9813022710;B
20240312;100420;298.68;50;9813022718;S
20240312;100420;298.69;2000;9813022744;B
20240312;100420;298.69;1000;9813022745;B
20240312;100420;298.7;150;9813022766;B
20240312;100420;298.7;150;9813022767;B
20240312;100420;298.68;100;9813022772;S
20240312;100420;298.7;100;9813022792;B
20240312;100420;298.7;10;9813022853;B
20240312;100421;298.69;70;9813022951;S
20240312;100422;298.69;300;9813022972;S
20240312;100422;298.7;90;9813023024;B
20240312;100423;298.7;100;9813023120;B
20240312;100423;298.69;40;9813023133;S
20240312;100423;298.7;100;9813023178;B
20240312;100423;298.7;180;9813023196;B
20240312;100423;298.7;310;9813023197;B
20240312;100424;298.7;1000;9813023244;B
20240312;100424;298.7;250;9813023245;B
20240312;100424;298.7;2000;9813023246;B
20240312;100424;298.7;580;9813023247;B
20240312;100424;298.7;170;9813023248;B
20240312;100424;298.71;30;9813023302;B
20240312;100424;298.7;200;9813023322;S
20240312;100424;298.7;10;9813023352;S
20240312;100425;298.71;970;9813023385;B
20240312;100425;298.71;30;9813023386;B
20240312;100425;298.71;300;9813023426;B
20240312;100425;298.71;2000;9813023427;B
20240312;100425;298.71;10;9813023428;B
20240312;100425;298.71;2000;9813023429;B
20240312;100425;298.72;3000;9813023430;B
20240312;100425;298.73;190;9813023431;B
20240312;100425;298.71;10;9813023517;S
20240312;100426;298.73;300;9813023577;B
20240312;100426;298.73;700;9813023578;B
20240312;100426;298.75;10;9813023667;B
20240312;100427;298.75;100;9813023731;B
20240312;100427;298.77;10;9813023740;B
20240312;100427;298.77;110;9813023778;B
