<DATE>;<TIME>;<LAST>;<VOL>;<ID>;<OPER>
20240305;095953;299.33;10;9754478642;S
20240305;095953;299.33;10;9754478643;S
20240305;095953;299.33;200;9754478644;S
20240305;095953;299.33;10;9754478645;B
20240305;095953;299.33;5680;9754478646;B
20240305;095953;299.33;10;9754478647;S
20240305;095953;299.33;20;9754478648;S
20240305;095953;299.33;10;9754478649;S
20240305;095953;299.33;200;9754478650;S
20240305;095953;299.33;10;9754478651;S
20240305;095953;299.33;80;9754478652;S
20240305;095953;299.33;40;9754478653;S
20240305;095953;299.33;50;9754478654;S
20240305;095953;299.33;400;9754478655;S
20240305;095953;299.33;50;9754478656;S
20240305;095953;299.33;50;9754478657;S
20240305;095953;299.33;10;9754478658;S
20240305;095953;299.33;640;9754478659;S
20240305;095953;299.33;20;9754478660;S
20240305;095953;299.33;40;9754478661;S
20240305;095953;299.33;740;9754478662;S
20240305;095953;299.33;50;9754478663;S
20240305;095953;299.33;140;9754478664;S
20240305;095953;299.33;370;9754478665;S
20240305;095953;299.33;3350;9754478666;S
20240305;095953;299.33;10;9754478667;S
20240305;095953;299.33;10;9754478668;B
20240305;095953;299.33;10;9754478669;B
20240305;095953;299.33;10;9754478670;B
20240305;095953;299.33;10;9754478671;B
20240305;095953;299.33;30;9754478672;B
20240305;095953;299.33;70;9754478673;B
20240305;095953;299.33;20;9754478674;B
20240305;095953;299.33;20;9754478675;B
20240305;095953;299.33;1000;9754478676;S
20240305;095953;299.33;50;9754478677;S
20240305;095953;299.33;50;9754478678;S
20240305;095953;299.33;1000;9754478679;S
20240305;095953;299.33;100;9754478680;B
20240305;095953;299.33;30;9754478681;B
20240305;095953;299.33;300;9754478682;S
20240305;095953;299.33;560;9754478683;S
20240305;095953;299.33;760;9754478684;S
20240305;095953;299.33;30;9754478685;S
20240305;095953;299.33;300;9754478686;S
20240305;095953;299.33;10;9754478687;S
20240305;095953;299.33;50;9754478688;S
20240305;095953;299.33;10;9754478689;B
20240305;095953;299.33;10;9754478690;S
20240305;095953;299.33;100;9754478691;S
20240305;095953;299.33;100;9754478692;S
20240305;095953;299.33;1670;9754478693;S
20240305;095953;299.33;10;9754478694;S
20240305;095953;299.33;100;9754478695;S
20240305;095953;299.33;10;9754478696;S
20240305;095953;299.33;10;9754478697;S
20240305;095953;299.33;720;9754478698;S
20240305;095953;299.33;10;9754478699;S
20240305;095953;299.33;20;9754478700;S
20240305;095953;299.33;350;9754478701;S
20240305;095953;299.33;30;9754478702;S
20240305;095953;299.33;30;9754478703;S
20240305;095953;299.33;1000;9754478704;S
20240305;095953;299.33;10;9754478705;S
20240305;095953;299.33;10;9754478706;S
20240305;095953;299.33;100;9754478707;S
20240305;095953;299.33;10;9754478708;S
20240305;095953;299.33;60;9754478709;S
20240305;095953;299.33;20;9754478710;S
20240305;095953;299.33;490;9754478711;S
20240305;095953;299.33;10;9754478712;S
20240305;095953;299.33;10;9754478713;S
20240305;095953;299.33;10;9754478714;S
20240305;095953;299.33;10;9754478715;S
20240305;095953;299.33;10;9754478716;S
20240305;095953;299.33;40;9754478717;S
20240305;095953;299.33;10;9754478718;S
20240305;095953;299.33;10;9754478719;S
20240305;095953;299.33;100;9754478720;S
20240305;095953;299.33;100;9754478721;S
20240305;095953;299.33;10;9754478722;S
20240305;095953;299.33;20;9754478723;S
20240305;095953;299.33;110;9754478724;S
20240305;095953;299.33;10;9754478725;S
20240305;095953;299.33;30;9754478726;S
20240305;095953;299.33;60;9754478727;S
20240305;095953;299.33;30;9754478728;S
20240305;095953;299.33;4760;9754478729;S
20240305;095953;299.33;4240;9754478730;S
20240305;095953;299.33;120;9754478731;S
20240305;095953;299.33;640;9754478732;S
20240305;095953;299.33;10;9754478733;B
20240305;095953;299.33;10;9754478734;B
20240305;095953;299.33;60;9754478735;B
20240305;095953;299.33;10;9754478736;B
20240305;095953;299.33;50;9754478737;B
20240305;095953;299.33;10;9754478738;B
20240305;095953;299.33;10;9754478739;B
20240305;095953;299.33;10;9754478740;B
20240305;095953;299.33;10;9754478741;B
20240305;095953;299.33;10;9754478742;B
20240305;095953;299.33;10;9754478743;B
20240305;095953;299.33;10;9754478744;B
20240305;095953;299.33;40;9754478745;B
20240305;095953;299.33;20;9754478746;B
20240305;095953;299.33;20;9754478747;B
20240305;095953;299.33;50;9754478748;B
20240305;095953;299.33;10;9754478749;B
20240305;095953;299.33;10;9754478750;B
20240305;095953;299.33;40;9754478751;B
20240305;095953;299.33;10;9754478752;B
20240305;095953;299.33;20;9754478753;B
20240305;095953;299.33;10;9754478754;B
20240305;095953;299.33;10;9754478755;B
20240305;095953;299.33;10;9754478756;B
20240305;095953;299.33;10;9754478757;B
20240305;095953;299.33;50;9754478758;B
20240305;095953;299.33;10;9754478759;B
20240305;095953;299.33;20;9754478760;B
20240305;095953;299.33;180;9754478761;B
20240305;095953;299.33;10;9754478762;B
20240305;095953;299.33;30;9754478763;B
20240305;095953;299.33;170;9754478764;B
20240305;095953;299.33;10;9754478765;B
20240305;095953;299.33;150;9754478766;B
20240305;095953;299.33;10;9754478767;B
20240305;095953;299.33;10;9754478768;B
20240305;095953;299.33;30;9754478769;B
20240305;095953;299.33;70;9754478770;B
20240305;095953;299.33;30;9754478771;B
20240305;095953;299.33;30;9754478772;B
20240305;095953;299.33;100;9754478773;B
20240305;095953;299.33;10;9754478774;B
20240305;095953;299.33;10;9754478775;B
20240305;095953;299.33;10;9754478776;B
20240305;095953;299.33;50;9754478777;B
20240305;095953;299.33;1060;9754478778;B
20240305;095953;299.33;10;9754478779;B
20240305;095953;299.33;10;9754478780;B
20240305;095953;299.33;8920;9754478781;B
20240305;095953;299.33;70;9754478782;B
20240305;095953;299.33;20;9754478783;B
20240305;095953;299.33;10;9754478784;B
20240305;095953;299.33;100;9754478785;B
20240305;095953;299.33;70;9754478786;S
20240305;095953;299.33;40;9754478787;B
20240305;095953;299.33;50;9754478788;S
20240305;095953;299.33;1000;9754478789;B
20240305;095953;299.33;10;9754478790;S
20240305;095953;299.33;130;9754478791;B
20240305;095953;299.33;4200;9754478792;S
20240305;095953;299.33;200;9754478793;S
20240305;095953;299.33;10;9754478794;B
20240305;095953;299.33;170;9754478795;B
20240305;095953;299.33;550;9754478796;B
20240305;095953;299.33;540;9754478797;B
20240305;095953;299.33;410;9754478798;B
20240305;095953;299.33;60;9754478799;B
20240305;095953;299.33;540;9754478800;B
20240305;095953;299.33;140;9754478801;S
20240305;095953;299.33;300;9754478802;S
20240305;095953;299.33;10;9754478803;B
20240305;095953;299.33;1020;9754478804;S
20240305;095953;299.33;180;9754478805;S
20240305;095953;299.33;100;9754478806;S
20240305;095953;299.33;70;9754478807;S
20240305;095953;299.33;20;9754478808;S
20240305;095953;299.33;10;9754478809;B
20240305;095953;299.33;100;9754478810;S
20240305;095953;299.33;130;9754478811;S
20240305;095953;299.33;370;9754478812;S
20240305;095953;299.33;460;9754478813;B
20240305;095953;299.33;800;9754478814;B
20240305;095953;299.33;4000;9754478815;B
20240305;095953;299.33;20;9754478816;B
20240305;095953;299.33;100;9754478817;B
20240305;095953;299.33;100;9754478818;B
20240305;095953;299.33;1380;9754478819;B
20240305;095953;299.33;1920;9754478820;B
20240305;095953;299.33;150;9754478821;B
20240305;095953;299.33;160;9754478822;B
20240305;095953;299.33;10;9754478823;B
20240305;095953;299.33;500;9754478824;B
20240305;095953;299.33;400;9754478825;B
20240305;095953;299.33;230;9754478826;B
20240305;095953;299.33;300;9754478827;B
20240305;095953;299.33;10;9754478828;B
20240305;095953;299.33;10;9754478829;B
20240305;095953;299.33;50;9754478830;B
20240305;095953;299.33;10;9754478831;B
20240305;095953;299.33;10;9754478832;B
20240305;095953;299.33;230;9754478833;B
20240305;095953;299.33;20;9754478834;B
20240305;095953;299.33;30;9754478835;B
20240305;095953;299.33;20;9754478836;B
20240305;095953;299.33;250;9754478837;B
20240305;095953;299.33;30;9754478838;B
20240305;095953;299.33;10;9754478839;B
20240305;095953;299.33;100;9754478840;B
20240305;095953;299.33;10;9754478841;B
20240305;095953;299.33;80;9754478842;B
20240305;100000;299.32;20;9754480575;S
20240305;100000;299.33;10;9754480835;B
20240305;100000;299.32;480;9754480963;S
20240305;100000;299.32;20;9754480964;S
20240305;100000;299.32;10;9754480972;S
20240305;100000;299.32;140;9754481018;S
20240305;100000;299.32;200;9754481020;S
20240305;100000;299.32;50;9754481065;S
20240305;100000;299.33;20;9754481204;B
20240305;100000;299.33;10;9754481206;B
20240305;100001;299.32;580;9754481355;S
20240305;100001;299.32;560;9754481356;S
20240305;100001;299.32;360;9754481357;S
20240305;100001;299.33;80;9754481428;B
20240305;100001;299.33;120;9754481521;S
20240305;100001;299.33;130;9754481522;S
20240305;100001;299.33;10;9754481547;S
20240305;100001;299.34;10;9754481583;B
20240305;100001;299.34;10;9754481584;B
20240305;100001;299.35;30;9754481585;B
20240305;100001;299.34;50;9754481621;S
20240305;100001;299.34;100;9754481622;S
20240305;100001;299.35;180;9754481721;B
20240305;100001;299.35;40;9754481722;B
20240305;100001;299.37;70;9754481723;B
20240305;100001;299.38;100;9754481724;B
20240305;100001;299.38;20;9754481725;B
20240305;100001;299.38;190;9754481726;B
20240305;100001;299.38;210;9754481730;B
20240305;100001;299.39;10;9754481731;B
20240305;100001;299.39;340;9754481732;B
20240305;100001;299.39;1010;9754481733;B
20240305;100001;299.39;150;9754481734;B
20240305;100001;299.4;2000;9754481735;B
20240305;100001;299.4;200;9754481736;B
20240305;100001;299.4;10;9754481737;B
20240305;100001;299.4;860;9754481738;B
20240305;100001;299.4;10;9754481739;B
20240305;100001;299.4;50;9754481740;B
20240305;100001;299.4;2000;9754481741;B
20240305;100001;299.4;10;9754481742;B
20240305;100001;299.4;100;9754481743;B
20240305;100001;299.4;250;9754481744;B
20240305;100001;299.4;200;9754481745;B
20240305;100001;299.4;250;9754481746;B
20240305;100001;299.42;10;9754481747;B
20240305;100001;299.42;1000;9754481748;B
20240305;100001;299.43;70;9754481749;B
20240305;100001;299.44;1260;9754481750;B
20240305;100001;299.39;100;9754481822;B
20240305;100001;299.39;20;9754481840;B
20240305;100001;299.42;100;9754481865;B
20240305;100001;299.35;10;9754481953;S
20240305;100001;299.41;500;9754482018;B
20240305;100001;299.41;50;9754482030;B
20240305;100001;299.35;50;9754482042;S
20240305;100002;299.41;20;9754482285;B
20240305;100002;299.35;200;9754482286;S
20240305;100002;299.35;10;9754482305;S
20240305;100002;299.41;740;9754482310;B
20240305;100002;299.42;60;9754482311;B
20240305;100002;299.43;130;9754482408;B
20240305;100002;299.4;10;9754482729;B
20240305;100002;299.39;160;9754482916;S
20240305;100003;299.4;40;9754483394;B
20240305;100003;299.4;100;9754483395;B
20240305;100003;299.4;70;9754483396;B
20240305;100003;299.41;60;9754483397;B
20240305;100003;299.44;1740;9754483398;B
20240305;100003;299.45;50;9754483399;B
20240305;100003;299.45;10;9754483400;B
20240305;100003;299.45;400;9754483401;B
20240305;100003;299.46;10;9754483402;B
20240305;100003;299.46;10;9754483403;B
20240305;100003;299.46;150;9754483404;B
20240305;100003;299.46;50;9754483405;B
20240305;100003;299.46;500;9754483406;B
20240305;100003;299.46;10;9754483407;B
20240305;100003;299.46;340;9754483408;B
20240305;100003;299.47;1350;9754483409;B
20240305;100003;299.48;100;9754483410;B
20240305;100003;299.48;40;9754483411;B
20240305;100003;299.48;3970;9754483412;B
20240305;100004;299.46;20;9754483600;B
20240305;100004;299.46;10;9754483604;B
20240305;100004;299.44;100;9754483639;S
20240305;100004;299.43;560;9754483640;S
20240305;100004;299.42;70;9754483641;S
20240305;100004;299.42;270;9754483642;S
20240305;100004;299.46;40;9754483652;B
20240305;100004;299.46;10;9754483845;B
20240305;100004;299.43;10;9754483960;S
20240305;100004;299.42;10;9754483961;S
20240305;100004;299.46;60;9754483965;B
20240305;100005;299.42;20;9754484083;S
20240305;100005;299.42;10;9754484337;S
20240305;100005;299.42;10;9754484339;S
20240305;100005;299.42;30;9754484341;S
20240305;100005;299.42;40;9754484342;S
20240305;100005;299.42;10;9754484344;S
20240305;100005;299.42;50;9754484468;S
20240305;100005;299.43;100;9754484675;S
20240305;100005;299.42;270;9754484862;S
20240305;100005;299.42;10;9754484870;S
20240305;100006;299.42;100;9754484892;S
20240305;100006;299.41;10;9754484893;S
20240305;100006;299.41;560;9754484894;S
20240305;100006;299.4;330;9754484895;S
20240305;100006;299.43;70;9754484940;B
20240305;100006;299.44;280;9754484941;B
20240305;100006;299.4;10;9754484948;S
20240305;100006;299.4;10;9754484950;S
20240305;100006;299.4;210;9754484952;S
20240305;100006;299.39;40;9754484953;S
20240305;100006;299.44;40;9754485116;B
20240305;100006;299.4;30;9754485117;S
20240305;100006;299.43;10;9754485130;B
20240305;100006;299.43;10;9754485164;B
20240305;100006;299.4;20;9754485290;S
20240305;100006;299.43;10;9754485297;B
20240305;100006;299.43;100;9754485299;B
20240305;100006;299.43;100;9754485300;B
20240305;100006;299.4;510;9754485407;S
20240305;100006;299.39;250;9754485408;S
20240305;100006;299.44;20;9754485409;B
20240305;100006;299.43;10;9754485410;B
20240305;100006;299.43;300;9754485412;B
20240305;100006;299.43;20;9754485455;B
20240305;100006;299.4;100;9754485527;S
20240305;100006;299.44;10;9754485571;B
20240305;100006;299.4;10;9754485573;S
20240305;100006;299.4;10;9754485577;S
20240305;100006;299.43;10;9754485585;B
20240305;100006;299.43;10;9754485586;B
20240305;100006;299.43;10;9754485637;B
20240305;100006;299.4;60;9754485723;S
20240305;100006;299.43;10;9754485724;B
20240305;100006;299.43;500;9754485725;B
20240305;100006;299.44;100;9754485754;B
20240305;100006;299.43;170;9754485787;S
20240305;100006;299.4;380;9754485790;S
20240305;100006;299.4;70;9754485791;S
20240305;100006;299.39;10;9754485823;S
20240305;100006;299.39;10;9754485913;S
20240305;100006;299.39;90;9754485914;S
20240305;100006;299.39;100;9754485915;S
20240305;100006;299.39;10;9754485916;S
20240305;100006;299.38;100;9754485917;S
20240305;100006;299.38;30;9754485918;S
20240305;100006;299.38;180;9754485919;S
20240305;100006;299.39;180;9754485923;S
20240305;100006;299.42;40;9754486029;B
20240305;100006;299.42;50;9754486077;B
20240305;100006;299.42;10;9754486079;B
20240305;100006;299.39;300;9754486080;S
20240305;100006;299.39;10;9754486081;S
20240305;100007;299.39;10;9754486361;S
20240305;100007;299.42;10;9754486363;B
20240305;100007;299.41;20;9754486367;B
20240305;100007;299.42;200;9754486368;B
20240305;100007;299.39;10;9754486369;S
20240305;100007;299.41;10;9754486370;B
20240305;100007;299.41;10;9754486372;B
20240305;100007;299.39;10;9754486426;S
20240305;100007;299.39;10;9754486432;S
20240305;100007;299.39;10;9754486442;S
20240305;100007;299.42;40;9754486446;B
20240305;100007;299.39;20;9754486612;S
20240305;100007;299.38;10;9754486613;S
20240305;100007;299.38;20;9754486616;S
20240305;100007;299.39;10;9754486618;S
20240305;100007;299.42;10;9754486626;B
20240305;100007;299.41;10;9754486628;B
20240305;100007;299.41;10;9754486630;B
20240305;100007;299.39;270;9754486710;S
20240305;100007;299.39;10;9754486712;S
20240305;100007;299.39;10;9754486713;S
20240305;100007;299.38;30;9754486936;S
20240305;100007;299.41;400;9754486938;B
20240305;100007;299.42;100;9754486939;B
20240305;100007;299.38;10;9754487173;S
20240305;100007;299.42;10;9754487174;B
20240305;100007;299.41;20;9754487175;B
20240305;100007;299.42;850;9754487201;B
20240305;100007;299.42;70;9754487202;B
20240305;100007;299.42;340;9754487203;B
20240305;100007;299.42;340;9754487204;B
20240305;100007;299.42;400;9754487205;B
20240305;100007;299.43;2720;9754487206;B
20240305;100007;299.43;1010;9754487319;B
20240305;100007;299.43;340;9754487320;B
20240305;100007;299.43;340;9754487321;B
20240305;100007;299.43;1640;9754487322;B
20240305;100008;299.38;10;9754487520;S
20240305;100008;299.43;60;9754487521;B
20240305;100008;299.43;10;9754487563;B
20240305;100008;299.42;80;9754487576;B
20240305;100008;299.41;10;9754487788;B
20240305;100008;299.41;90;9754487874;B
20240305;100008;299.42;50;9754487875;B
20240305;100008;299.42;210;9754487896;B
20240305;100008;299.42;790;9754487897;B
20240305;100009;299.43;1300;9754488091;B
20240305;100009;299.43;160;9754488227;B
20240305;100009;299.43;40;9754488266;B
20240305;100010;299.4;70;9754488293;S
20240305;100010;299.4;500;9754488318;B
20240305;100010;299.4;230;9754488349;B
20240305;100010;299.41;70;9754488350;B
20240305;100010;299.43;60;9754488351;B
20240305;100010;299.44;220;9754488353;B
20240305;100010;299.44;1500;9754488366;B
20240305;100010;299.41;50;9754488466;S
20240305;100010;299.44;200;9754488468;B
20240305;100010;299.44;1080;9754488528;B
20240305;100010;299.45;70;9754488529;B
20240305;100010;299.46;60;9754488530;B
20240305;100010;299.46;260;9754488531;B
20240305;100010;299.47;20;9754488532;B
20240305;100010;299.47;150;9754488533;B
20240305;100010;299.48;360;9754488534;B
20240305;100010;299.47;980;9754488556;B
20240305;100010;299.47;50;9754488557;B
20240305;100010;299.47;10;9754488565;B
20240305;100010;299.43;340;9754488573;S
20240305;100010;299.43;340;9754488574;S
20240305;100010;299.42;80;9754488575;S
20240305;100010;299.42;240;9754488576;S
20240305;100010;299.47;150;9754488605;B
20240305;100010;299.43;340;9754488623;S
20240305;100010;299.43;340;9754488624;S
20240305;100010;299.42;770;9754488625;S
20240305;100010;299.42;560;9754488626;S
20240305;100010;299.41;560;9754488627;S
20240305;100010;299.41;80;9754488628;S
20240305;100010;299.4;350;9754488629;S
20240305;100010;299.46;90;9754488632;B
20240305;100010;299.42;340;9754488675;S
20240305;100010;299.42;1010;9754488676;S
20240305;100010;299.41;340;9754488677;S
20240305;100010;299.41;560;9754488678;S
20240305;100010;299.4;560;9754488679;S
20240305;100010;299.4;80;9754488680;S
20240305;100010;299.4;110;9754488681;S
20240305;100010;299.4;10;9754488692;S
20240305;100011;299.46;10;9754488823;B
20240305;100011;299.46;10;9754488893;B
20240305;100011;299.47;70;9754488908;B
20240305;100011;299.47;100;9754489086;B
20240305;100011;299.47;230;9754489097;B
20240305;100011;299.47;80;9754489098;B
20240305;100011;299.47;190;9754489099;B
20240305;100011;299.47;40;9754489109;B
20240305;100011;299.47;80;9754489156;B
20240305;100011;299.47;240;9754489160;B
20240305;100011;299.46;10;9754489212;S
20240305;100011;299.47;20;9754489214;B
20240305;100011;299.46;70;9754489223;S
20240305;100011;299.44;10;9754489224;S
20240305;100011;299.42;10;9754489225;S
20240305;100011;299.42;60;9754489226;S
20240305;100011;299.47;10;9754489236;B
20240305;100011;299.42;10;9754489240;S
20240305;100011;299.47;350;9754489286;B
20240305;100011;299.48;10;9754489289;B
20240305;100011;299.48;70;9754489325;B
20240305;100011;299.48;50;9754489360;B
20240305;100012;299.48;50;9754489373;B
20240305;100012;299.48;10;9754489439;B
20240305;100012;299.48;10;9754489457;B
20240305;100012;299.48;240;9754489551;B
20240305;100012;299.48;50;9754489651;B
20240305;100012;299.48;10;9754489673;B
20240305;100013;299.48;90;9754489709;B
20240305;100013;299.48;10;9754489710;B
20240305;100014;299.47;10;9754490135;B
20240305;100014;299.46;10;9754490189;S
20240305;100015;299.41;340;9754490514;S
20240305;100015;299.41;110;9754490515;S
20240305;100015;299.45;20;9754490704;B
20240305;100015;299.45;480;9754490706;B
20240305;100015;299.46;670;9754490707;B
20240305;100016;299.42;100;9754491013;B
20240305;100016;299.43;340;9754491014;B
20240305;100016;299.43;1010;9754491015;B
20240305;100016;299.44;2000;9754491016;B
20240305;100016;299.46;430;9754491017;B
20240305;100016;299.46;2790;9754491018;B
20240305;100016;299.4;200;9754491027;S
20240305;100017;299.46;210;9754491254;B
20240305;100017;299.48;10;9754491255;B
20240305;100017;299.48;10;9754491256;B
20240305;100017;299.49;10;9754491257;B
20240305;100017;299.49;560;9754491258;B
20240305;100017;299.48;10;9754491448;B
20240305;100017;299.48;330;9754491472;B
20240305;100017;299.42;500;9754491505;S
20240305;100018;299.47;500;9754491654;B
20240305;100019;299.44;10;9754491841;B
20240305;100019;299.44;90;9754491851;B
20240305;100019;299.45;10;9754491852;B
20240305;100019;299.44;10;9754491896;S
20240305;100020;299.46;400;9754492315;S
20240305;100020;299.45;400;9754492325;S
20240305;100020;299.45;340;9754492326;S
20240305;100020;299.45;50;9754492327;B
20240305;100020;299.44;500;9754492416;S
20240305;100020;299.45;20;9754492421;B
20240305;100021;299.45;190;9754492458;B
20240305;100021;299.46;700;9754492459;B
20240305;100021;299.46;210;9754492460;B
20240305;100021;299.46;10;9754492467;B
20240305;100021;299.45;200;9754492476;S
20240305;100021;299.46;680;9754492500;B
20240305;100021;299.46;2000;9754492501;B
20240305;100021;299.48;2660;9754492530;B
20240305;100021;299.48;200;9754492534;S
20240305;100021;299.48;100;9754492579;S
20240305;100022;299.49;20;9754492785;B
20240305;100022;299.48;200;9754492903;S
20240305;100022;299.48;290;9754492970;S
20240305;100022;299.48;290;9754493002;S
20240305;100022;299.48;420;9754493018;S
20240305;100022;299.48;420;9754493031;S
20240305;100022;299.48;10;9754493136;S
20240305;100022;299.48;70;9754493200;S
20240305;100023;299.49;50;9754493212;B
20240305;100023;299.48;70;9754493213;S
20240305;100023;299.48;270;9754493231;S
20240305;100023;299.48;30;9754493232;S
20240305;100023;299.48;70;9754493236;S
20240305;100023;299.48;50;9754493237;S
20240305;100023;299.48;10;9754493238;S
20240305;100023;299.48;170;9754493239;S
20240305;100023;299.47;200;9754493290;S
20240305;100023;299.48;340;9754493319;B
20240305;100023;299.48;1660;9754493320;B
20240305;100023;299.47;120;9754493336;S
20240305;100023;299.47;20;9754493337;S
20240305;100023;299.46;150;9754493352;S
20240305;100023;299.47;10;9754493401;B
20240305;100023;299.47;200;9754493402;B
20240305;100023;299.47;200;9754493403;B
20240305;100023;299.48;340;9754493404;B
20240305;100023;299.48;340;9754493405;B
20240305;100023;299.49;1910;9754493406;B
20240305;100023;299.48;60;9754493422;B
20240305;100023;299.45;80;9754493519;S
20240305;100024;299.45;100;9754493556;B
20240305;100024;299.45;100;9754493685;B
20240305;100025;299.44;80;9754493867;S
20240305;100025;299.45;200;9754493924;B
20240305;100025;299.45;200;9754493925;B
20240305;100025;299.45;200;9754493926;B
20240305;100025;299.45;200;9754493927;B
20240305;100025;299.45;200;9754493928;B
20240305;100025;299.45;100;9754493929;B
20240305;100025;299.45;340;9754493930;B
20240305;100025;299.45;300;9754493931;B
20240305;100025;299.45;240;9754493932;B
20240305;100025;299.44;290;9754493963;S
20240305;100025;299.44;20;9754493964;S
20240305;100025;299.44;10;9754493965;S
20240305;100025;299.43;10;9754493966;S
20240305;100025;299.41;560;9754493967;S
20240305;100025;299.41;1090;9754493968;S
20240305;100025;299.41;200;9754493969;S
20240305;100025;299.41;200;9754493970;S
20240305;100025;299.41;200;9754493971;S
20240305;100025;299.44;50;9754494005;B
20240305;100025;299.44;20;9754494012;B
20240305;100025;299.44;10;9754494013;B
20240305;100025;299.44;10;9754494015;B
20240305;100025;299.41;100;9754494043;S
20240305;100025;299.44;920;9754494102;B
20240305;100025;299.44;340;9754494103;B
20240305;100025;299.44;340;9754494104;B
20240305;100025;299.44;900;9754494105;B
20240305;100025;299.41;1000;9754494162;S
20240305;100026;299.44;180;9754494200;B
20240305;100026;299.43;40;9754494231;B
20240305;100026;299.43;30;9754494334;B
20240305;100026;299.41;50;9754494354;S
20240305;100026;299.43;50;9754494460;B
20240305;100027;299.42;2500;9754494808;B
20240305;100027;299.42;340;9754494809;B
20240305;100027;299.42;1010;9754494810;B
20240305;100027;299.42;340;9754494811;B
20240305;100027;299.43;20;9754494812;B
20240305;100027;299.43;3000;9754494813;B
20240305;100027;299.43;400;9754494814;B
20240305;100027;299.44;2000;9754494815;B
20240305;100027;299.46;560;9754494816;B
20240305;100027;299.47;10;9754494817;B
20240305;100027;299.47;2000;9754494818;B
20240305;100027;299.47;560;9754494819;B
20240305;100027;299.48;2000;9754494820;B
20240305;100027;299.48;2000;9754494821;B
20240305;100027;299.48;100;9754494822;B
20240305;100027;299.48;100;9754494823;B
20240305;100027;299.48;560;9754494824;B
20240305;100027;299.49;3210;9754494825;B
20240305;100027;299.49;10;9754494826;B
20240305;100027;299.49;10;9754494827;B
20240305;100027;299.49;1000;9754494828;B
20240305;100027;299.49;10;9754494829;B
20240305;100027;299.49;20;9754494830;B
20240305;100027;299.49;560;9754494831;B
20240305;100027;299.5;10;9754494832;B
20240305;100027;299.5;10;9754494833;B
20240305;100027;299.5;10;9754494834;B
20240305;100027;299.5;10;9754494835;B
20240305;100027;299.5;200;9754494836;B
20240305;100027;299.5;90;9754494837;B
20240305;100027;299.5;90;9754494838;B
20240305;100027;299.5;20;9754494839;B
20240305;100027;299.5;290;9754494840;B
20240305;100027;299.5;10;9754494841;B
20240305;100027;299.5;10;9754494842;B
20240305;100027;299.5;10;9754494843;B
20240305;100027;299.5;10;9754494844;B
20240305;100027;299.5;330;9754494845;B
20240305;100027;299.5;10;9754494846;B
20240305;100027;299.5;40;9754494847;B
20240305;100027;299.5;10;9754494848;B
20240305;100027;299.5;150;9754494849;B
20240305;100027;299.5;20;9754494850;B
20240305;100027;299.5;10;9754494851;B
20240305;100027;299.5;50;9754494852;B
20240305;100027;299.5;10;9754494853;B
20240305;100027;299.5;1500;9754494854;B
20240305;100027;299.5;20;9754494855;B
20240305;100027;299.5;10;9754494856;B
20240305;100027;299.5;10;9754494857;B
20240305;100027;299.5;50;9754494858;B
20240305;100027;299.5;30;9754494859;B
20240305;100027;299.5;10;9754494860;B
20240305;100027;299.5;100;9754494861;B
20240305;100027;299.5;10;9754494862;B
20240305;100027;299.5;10;9754494863;B
20240305;100027;299.5;100;9754494864;B
20240305;100027;299.5;10;9754494865;B
20240305;100027;299.5;30;9754494866;B
20240305;100027;299.5;30;9754494867;B
20240305;100027;299.5;10;9754494868;B
20240305;100027;299.5;60;9754494869;B
20240305;100027;299.5;10;9754494870;B
20240305;100027;299.5;40;9754494871;B
20240305;100027;299.5;30;9754494872;B
20240305;100027;299.5;20;9754494873;B
20240305;100027;299.5;100;9754494874;B
20240305;100027;299.5;400;9754494875;B
20240305;100027;299.5;100;9754494876;B
20240305;100027;299.5;20;9754494877;B
20240305;100027;299.5;10;9754494878;B
20240305;100027;299.5;330;9754494879;B
20240305;100027;299.5;10;9754494880;B
20240305;100027;299.5;100;9754494881;B
20240305;100027;299.5;10;9754494882;B
20240305;100027;299.5;50;9754494883;B
20240305;100027;299.5;150;9754494884;B
20240305;100027;299.5;400;9754494885;B
20240305;100027;299.5;150;9754494886;B
20240305;100027;299.5;200;9754494887;B
20240305;100027;299.5;290;9754494888;B
20240305;100027;299.5;10;9754494889;B
20240305;100027;299.5;20;9754494890;B
20240305;100027;299.5;10;9754494891;B
20240305;100027;299.5;10;9754494892;B
20240305;100027;299.5;20;9754494893;B
20240305;100027;299.5;20;9754494894;B
20240305;100027;299.5;40;9754494895;B
20240305;100027;299.5;200;9754494896;B
20240305;100027;299.5;10;9754494897;B
20240305;100027;299.5;40;9754494898;B
20240305;100027;299.5;110;9754494899;B
20240305;100027;299.5;20;9754494900;B
20240305;100027;299.5;10;9754494901;B
20240305;100027;299.5;20;9754494902;B
20240305;100027;299.5;10;9754494903;B
20240305;100027;299.5;10;9754494904;B
20240305;100027;299.5;20;9754494905;B
20240305;100027;299.5;20;9754494906;B
20240305;100027;299.5;10;9754494907;B
20240305;100027;299.5;40;9754494908;B
20240305;100027;299.5;500;9754494909;B
20240305;100027;299.5;20;9754494910;B
20240305;100027;299.5;1000;9754494911;B
20240305;100027;299.5;10;9754494912;B
20240305;100027;299.5;50;9754494913;B
20240305;100027;299.5;10;9754494914;B
20240305;100027;299.5;10;9754494915;B
20240305;100027;299.5;10;9754494916;B
20240305;100027;299.5;10;9754494917;B
20240305;100027;299.5;10;9754494918;B
20240305;100027;299.5;10;9754494919;B
20240305;100027;299.5;250;9754494920;B
20240305;100027;299.5;40;9754494921;B
20240305;100027;299.5;20;9754494922;B
20240305;100027;299.5;70;9754494923;B
20240305;100027;299.5;500;9754494924;B
20240305;100027;299.5;1000;9754494925;B
20240305;100027;299.5;70;9754494926;B
20240305;100027;299.5;940;9754494927;B
20240305;100027;299.5;10;9754494928;B
20240305;100027;299.5;10;9754494929;B
20240305;100027;299.5;50;9754494930;B
20240305;100027;299.5;30;9754494931;B
20240305;100027;299.5;10;9754494932;B
20240305;100027;299.5;50;9754494933;B
20240305;100027;299.5;1000;9754494934;B
20240305;100027;299.5;50;9754494935;B
20240305;100027;299.5;250;9754494936;B
20240305;100027;299.5;10;9754494937;B
20240305;100027;299.5;350;9754494938;B
20240305;100027;299.5;500;9754494939;B
20240305;100027;299.5;9380;9754494940;B
20240305;100027;299.41;2510;9754494942;S
20240305;100027;299.4;400;9754494943;S
20240305;100027;299.4;560;9754494944;S
20240305;100027;299.39;30;9754494945;S
20240305;100027;299.39;530;9754494947;S
20240305;100027;299.39;400;9754494948;S
20240305;100027;299.38;10;9754494950;S
20240305;100027;299.38;560;9754494951;S
20240305;100027;299.38;400;9754494952;S
20240305;100027;299.38;10;9754494966;B
20240305;100027;299.38;50;9754494976;B
20240305;100027;299.37;300;9754494978;S
20240305;100028;299.37;70;9754494979;S
20240305;100028;299.37;70;9754494980;S
20240305;100028;299.45;40;9754495010;B
20240305;100028;299.37;120;9754495027;S
20240305;100028;299.37;30;9754495028;S
20240305;100028;299.44;20;9754495063;B
20240305;100028;299.45;300;9754495068;B
20240305;100028;299.45;1010;9754495069;B
20240305;100028;299.45;340;9754495070;B
20240305;100028;299.45;10;9754495071;B
20240305;100028;299.44;400;9754495129;B
20240305;100028;299.45;600;9754495130;B
20240305;100028;299.45;10;9754495277;B
20240305;100028;299.45;100;9754495292;B
20240305;100029;299.43;30;9754495307;S
20240305;100029;299.45;50;9754495494;B
20240305;100029;299.45;850;9754495503;B
20240305;100029;299.45;2500;9754495504;B
20240305;100029;299.46;1650;9754495505;B
20240305;100029;299.45;400;9754495507;B
20240305;100029;299.43;400;9754495511;S
20240305;100029;299.42;200;9754495512;S
20240305;100030;299.42;560;9754495683;S
20240305;100030;299.42;440;9754495684;S
20240305;100030;299.42;340;9754495702;S
20240305;100030;299.41;150;9754495703;S
20240305;100030;299.41;560;9754495704;S
20240305;100030;299.41;950;9754495705;S
20240305;100030;299.42;900;9754495723;B
20240305;100030;299.43;830;9754495724;B
20240305;100030;299.43;1000;9754495754;B
20240305;100030;299.42;30;9754495758;S
20240305;100030;299.43;10;9754495895;B
20240305;100031;299.43;90;9754496103;B
20240305;100031;299.42;370;9754496137;S
20240305;100031;299.42;340;9754496138;S
20240305;100031;299.42;200;9754496139;S
20240305;100031;299.42;90;9754496140;S
20240305;100031;299.43;100;9754496187;B
20240305;100031;299.43;10;9754496333;B
20240305;100032;299.43;200;9754496638;B
20240305;100032;299.43;10;9754496685;B
20240305;100032;299.42;10;9754496695;S
20240305;100032;299.43;750;9754496701;B
20240305;100032;299.43;100;9754496702;B
20240305;100032;299.46;1150;9754496703;B
20240305;100032;299.46;20;9754496791;B
20240305;100033;299.45;50;9754496817;S
20240305;100033;299.45;10;9754497207;B
20240305;100034;299.45;20;9754497381;B
20240305;100034;299.44;20;9754497459;S
20240305;100034;299.44;1000;9754497460;S
20240305;100034;299.44;400;9754497461;S
20240305;100034;299.43;1010;9754497462;S
20240305;100034;299.43;560;9754497463;S
20240305;100034;299.43;10;9754497464;S
20240305;100034;299.45;2470;9754497492;B
20240305;100034;299.45;100;9754497493;B
20240305;100034;299.46;180;9754497494;B
20240305;100034;299.48;30;9754497495;B
20240305;100034;299.48;400;9754497496;B
20240305;100034;299.5;1000;9754497497;B
20240305;100034;299.5;20;9754497498;B
20240305;100034;299.5;20;9754497499;B
20240305;100034;299.5;780;9754497500;B
20240305;100034;299.45;1000;9754497626;S
20240305;100034;299.45;10;9754497627;S
20240305;100034;299.44;10;9754497628;S
20240305;100034;299.45;30;9754497660;B
20240305;100034;299.44;100;9754497689;S
20240305;100034;299.44;20;9754497690;S
20240305;100035;299.44;20;9754497828;B
20240305;100035;299.43;340;9754497829;S
20240305;100035;299.43;340;9754497830;S
20240305;100035;299.43;20;9754497831;S
20240305;100035;299.44;60;9754497900;B
20240305;100035;299.44;100;9754497901;B
20240305;100035;299.44;100;9754497902;B
20240305;100035;299.44;100;9754497903;B
20240305;100035;299.45;200;9754497904;B
20240305;100036;299.44;340;9754498118;S
20240305;100036;299.44;110;9754498119;S
20240305;100036;299.43;50;9754498120;S
20240305;100036;299.45;10;9754498186;B
20240305;100036;299.45;500;9754498220;B
20240305;100036;299.45;250;9754498285;B
20240305;100036;299.45;1000;9754498286;B
20240305;100036;299.45;1000;9754498287;B
20240305;100036;299.45;100;9754498288;B
20240305;100036;299.45;20;9754498289;B
20240305;100036;299.46;400;9754498290;B
20240305;100037;299.48;1000;9754498441;S
20240305;100037;299.48;100;9754498546;S
20240305;100038;299.48;10;9754498693;S
20240305;100038;299.49;100;9754498765;B
20240305;100038;299.49;200;9754498766;B
20240305;100038;299.49;30;9754498808;B
20240305;100038;299.48;220;9754498948;S
20240305;100038;299.48;10;9754498949;S
20240305;100038;299.47;340;9754498950;S
20240305;100038;299.46;130;9754498951;S
20240305;100039;299.49;770;9754499007;B
20240305;100039;299.49;2500;9754499008;B
20240305;100039;299.49;1500;9754499009;B
20240305;100039;299.5;1030;9754499010;B
20240305;100039;299.5;80;9754499011;B
20240305;100039;299.5;300;9754499012;B
20240305;100039;299.5;50;9754499013;B
20240305;100039;299.5;70;9754499014;B
20240305;100039;299.5;30;9754499015;B
20240305;100039;299.5;1070;9754499016;B
20240305;100039;299.5;180;9754499105;B
20240305;100042;299.5;200;9754499810;B
20240305;100042;299.49;10;9754499858;S
20240305;100042;299.49;990;9754499953;S
20240305;100042;299.49;400;9754499954;S
20240305;100042;299.49;10;9754499955;S
20240305;100042;299.49;20;9754499956;S
20240305;100042;299.47;340;9754499957;S
20240305;100042;299.47;1010;9754499958;S
20240305;100042;299.47;340;9754499959;S
20240305;100042;299.47;20;9754499960;S
20240305;100042;299.47;560;9754499961;S
20240305;100042;299.46;2100;9754499962;S
20240305;100042;299.46;10;9754499963;S
20240305;100042;299.46;560;9754499964;S
20240305;100042;299.46;2000;9754499965;S
20240305;100042;299.45;560;9754499966;S
20240305;100042;299.45;7350;9754499967;S
20240305;100042;299.45;500;9754499968;S
20240305;100042;299.44;560;9754499969;S
20240305;100042;299.44;1000;9754499992;B
20240305;100042;299.44;320;9754500009;B
20240305;100043;299.44;60;9754500148;B
20240305;100043;299.44;1990;9754500171;B
20240305;100043;299.48;230;9754500172;B
20240305;100043;299.49;20;9754500297;B
20240305;100043;299.5;30;9754500298;B
20240305;100043;299.5;40;9754500386;B
20240305;100044;299.45;90;9754500454;S
20240305;100044;299.5;300;9754500560;B
20240305;100045;299.5;150;9754500934;B
20240305;100046;299.46;10;9754501140;S
20240305;100046;299.46;60;9754501252;S
20240305;100046;299.5;600;9754501286;B
20240305;100046;299.5;20;9754501360;B
20240305;100046;299.5;100;9754501383;B
20240305;100046;299.5;40;9754501384;B
20240305;100046;299.5;10;9754501385;B
20240305;100046;299.5;100;9754501386;B
20240305;100046;299.51;250;9754501387;B
20240305;100046;299.51;10;9754501388;B
20240305;100046;299.52;50;9754501389;B
20240305;100046;299.52;200;9754501390;B
20240305;100046;299.52;50;9754501391;B
20240305;100046;299.53;10;9754501392;B
20240305;100046;299.53;50;9754501393;B
20240305;100046;299.53;560;9754501394;B
20240305;100046;299.53;400;9754501395;B
20240305;100046;299.54;170;9754501396;B
20240305;100046;299.54;30;9754501413;B
20240305;100046;299.54;10;9754501414;B
20240305;100046;299.54;10;9754501415;B
20240305;100047;299.55;10;9754501440;B
20240305;100047;299.55;10;9754501444;B
20240305;100047;299.55;20;9754501448;B
20240305;100047;299.55;480;9754501449;B
20240305;100047;299.52;340;9754501451;S
20240305;100047;299.48;200;9754501455;S
20240305;100047;299.49;50;9754501510;B
20240305;100047;299.48;400;9754501519;S
20240305;100047;299.48;100;9754501520;S
20240305;100047;299.48;400;9754501532;S
20240305;100047;299.47;370;9754501533;S
20240305;100047;299.49;610;9754501534;B
20240305;100047;299.52;20;9754501535;B
20240305;100047;299.54;380;9754501552;B
20240305;100047;299.54;100;9754501590;B
20240305;100047;299.53;40;9754501615;S
20240305;100047;299.54;30;9754501621;B
20240305;100047;299.54;270;9754501631;B
20240305;100047;299.55;520;9754501632;B
20240305;100047;299.55;10;9754501633;B
20240305;100047;299.55;200;9754501634;B
20240305;100047;299.54;400;9754501635;B
20240305;100047;299.55;100;9754501636;B
20240305;100047;299.53;20;9754501637;S
20240305;100047;299.53;20;9754501638;S
20240305;100047;299.54;10;9754501639;B
20240305;100047;299.53;100;9754501641;S
20240305;100047;299.54;10;9754501655;B
20240305;100048;299.55;700;9754501669;B
20240305;100048;299.55;30;9754501670;B
20240305;100048;299.55;500;9754501671;B
20240305;100048;299.56;20;9754501672;B
20240305;100048;299.56;3750;9754501673;B
20240305;100048;299.53;10;9754501682;S
20240305;100048;299.53;10;9754501727;S
20240305;100048;299.53;20;9754501734;S
20240305;100048;299.54;100;9754501791;B
20240305;100048;299.54;200;9754501792;B
20240305;100048;299.53;150;9754501804;S
20240305;100048;299.51;340;9754501805;S
20240305;100048;299.5;10;9754501806;S
20240305;100048;299.54;40;9754501867;B
20240305;100048;299.53;10;9754501920;S
20240305;100049;299.54;160;9754501980;B
20240305;100049;299.55;150;9754501981;B
20240305;100049;299.56;190;9754501982;B
20240305;100049;299.56;1060;9754501999;B
20240305;100049;299.57;4000;9754502000;B
20240305;100049;299.58;100;9754502001;B
20240305;100049;299.58;1000;9754502002;B
20240305;100049;299.58;560;9754502003;B
20240305;100049;299.59;10;9754502004;B
20240305;100049;299.59;10;9754502005;B
20240305;100049;299.59;560;9754502006;B
20240305;100049;299.59;3000;9754502007;B
20240305;100049;299.59;400;9754502008;B
20240305;100049;299.6;10;9754502009;B
20240305;100049;299.6;50;9754502010;B
20240305;100049;299.6;10;9754502011;B
20240305;100049;299.6;50;9754502012;B
20240305;100049;299.6;20;9754502013;B
20240305;100049;299.6;740;9754502014;B
20240305;100049;299.6;10;9754502015;B
20240305;100049;299.6;400;9754502016;B
20240305;100049;299.6;150;9754502017;B
20240305;100049;299.6;50;9754502018;B
20240305;100049;299.6;10;9754502019;B
20240305;100049;299.6;1000;9754502020;B
20240305;100049;299.6;10;9754502021;B
20240305;100049;299.6;600;9754502022;B
20240305;100049;299.6;560;9754502023;B
20240305;100049;299.61;560;9754502024;B
20240305;100049;299.62;200;9754502025;B
20240305;100049;299.62;560;9754502026;B
20240305;100049;299.63;500;9754502027;B
20240305;100049;299.63;560;9754502028;B
20240305;100049;299.64;30;9754502029;B
20240305;100049;299.64;10;9754502030;B
20240305;100049;299.64;560;9754502031;B
20240305;100049;299.64;1510;9754502032;B
20240305;100049;299.64;1000;9754502033;S
20240305;100049;299.64;1600;9754502034;S
20240305;100049;299.65;10;9754502035;B
20240305;100049;299.65;110;9754502036;B
20240305;100049;299.64;1000;9754502037;S
20240305;100049;299.64;1000;9754502046;S
20240305;100049;299.64;1000;9754502047;S
20240305;100049;299.64;1000;9754502049;S
20240305;100049;299.64;100;9754502050;S
20240305;100049;299.65;10;9754502082;B
20240305;100049;299.65;880;9754502086;B
20240305;100049;299.65;40;9754502087;B
20240305;100049;299.66;1000;9754502088;B
20240305;100049;299.67;10;9754502089;B
20240305;100049;299.67;3000;9754502090;B
20240305;100049;299.68;11570;9754502091;B
20240305;100049;299.67;400;9754502092;S
20240305;100049;299.66;600;9754502093;S
20240305;100049;299.67;400;9754502094;S
20240305;100049;299.66;410;9754502095;S
20240305;100049;299.66;560;9754502096;S
20240305;100049;299.66;30;9754502097;S
20240305;100049;299.66;370;9754502098;S
20240305;100049;299.66;560;9754502099;S
20240305;100049;299.65;10;9754502156;S
20240305;100049;299.65;10;9754502179;S
20240305;100049;299.65;100;9754502181;S
20240305;100049;299.64;600;9754502182;S
20240305;100049;299.66;70;9754502183;B
20240305;100049;299.66;300;9754502184;B
20240305;100049;299.66;2380;9754502185;B
20240305;100049;299.64;1000;9754502186;S
20240305;100049;299.65;30;9754502197;S
20240305;100049;299.66;30;9754502202;B
20240305;100049;299.66;10;9754502204;B
20240305;100049;299.66;10;9754502206;B
20240305;100049;299.65;10;9754502207;S
20240305;100049;299.65;10;9754502218;S
20240305;100049;299.66;60;9754502224;B
20240305;100049;299.65;70;9754502229;S
20240305;100050;299.65;90;9754502239;S
20240305;100050;299.64;20;9754502243;S
20240305;100050;299.65;1010;9754502263;S
20240305;100050;299.65;50;9754502264;S
20240305;100050;299.64;140;9754502265;S
20240305;100050;299.64;90;9754502280;S
20240305;100050;299.64;90;9754502290;S
20240305;100050;299.64;10;9754502328;S
20240305;100050;299.65;810;9754502335;B
20240305;100050;299.64;1720;9754502349;S
20240305;100050;299.65;10;9754502358;B
20240305;100050;299.64;50;9754502388;S
20240305;100050;299.64;10;9754502394;S
20240305;100050;299.64;30;9754502396;S
20240305;100050;299.64;10;9754502406;S
20240305;100050;299.64;710;9754502424;S
20240305;100050;299.64;10;9754502477;S
20240305;100050;299.64;30;9754502488;S
20240305;100051;299.64;400;9754502575;S
20240305;100051;299.64;710;9754502600;S
20240305;100051;299.64;1420;9754502613;S
20240305;100051;299.64;370;9754502710;S
20240305;100051;299.64;370;9754502720;S
20240305;100051;299.65;10;9754502891;B
20240305;100051;299.65;30;9754502899;B
20240305;100052;299.64;1000;9754503009;S
20240305;100052;299.64;500;9754503201;S
20240305;100053;299.65;10;9754503218;B
20240305;100053;299.64;10;9754503266;S
20240305;100053;299.65;10;9754503393;B
20240305;100053;299.65;20;9754503398;B
20240305;100054;299.65;2000;9754503488;B
20240305;100054;299.64;550;9754503509;S
20240305;100054;299.64;450;9754503565;S
20240305;100054;299.64;450;9754503576;S
20240305;100054;299.65;200;9754503590;B
20240305;100054;299.65;100;9754503591;B
20240305;100055;299.64;20;9754503694;S
20240305;100055;299.65;10;9754503709;B
20240305;100055;299.65;50;9754503712;B
20240305;100055;299.65;140;9754503716;B
20240305;100055;299.65;160;9754503717;B
20240305;100055;299.64;200;9754503799;S
20240305;100055;299.64;150;9754503822;S
20240305;100055;299.64;150;9754503829;S
20240305;100055;299.64;200;9754503884;S
20240305;100055;299.64;600;9754503891;S
20240305;100055;299.64;1000;9754503892;S
20240305;100055;299.64;1000;9754503893;S
20240305;100056;299.65;20;9754503921;B
20240305;100056;299.64;200;9754503925;S
20240305;100056;299.64;1000;9754503965;S
20240305;100056;299.64;200;9754503966;S
20240305;100056;299.64;200;9754504003;S
20240305;100056;299.64;10;9754504018;S
20240305;100056;299.64;200;9754504045;S
20240305;100056;299.64;200;9754504046;S
20240305;100056;299.65;180;9754504097;B
20240305;100056;299.65;10;9754504098;B
20240305;100056;299.65;170;9754504099;B
20240305;100056;299.64;1000;9754504106;S
20240305;100056;299.64;200;9754504107;S
20240305;100056;299.64;200;9754504150;S
20240305;100057;299.65;100;9754504179;B
20240305;100057;299.64;600;9754504180;S
20240305;100057;299.64;200;9754504216;S
20240305;100057;299.65;10;9754504218;B
20240305;100057;299.64;40;9754504241;S
20240305;100057;299.64;200;9754504243;S
20240305;100057;299.64;200;9754504256;S
20240305;100057;299.64;400;9754504271;S
20240305;100057;299.64;10;9754504299;S
20240305;100058;299.65;10;9754504379;B
20240305;100058;299.64;100;9754504384;S
20240305;100058;299.64;200;9754504443;S
20240305;100058;299.65;20;9754504444;B
20240305;100058;299.65;20;9754504468;B
20240305;100058;299.64;100;9754504488;S
20240305;100058;299.65;950;9754504496;B
20240305;100058;299.65;340;9754504497;B
20240305;100058;299.65;200;9754504498;B
20240305;100058;299.65;200;9754504499;B
20240305;100058;299.65;310;9754504500;B
20240305;100058;299.64;600;9754504545;S
20240305;100058;299.65;2500;9754504578;B
20240305;100058;299.65;10;9754504579;B
20240305;100058;299.65;340;9754504580;B
20240305;100058;299.65;150;9754504581;B
20240305;100059;299.65;860;9754504683;B
20240305;100059;299.65;140;9754504684;B
20240305;100059;299.65;200;9754504716;B
20240305;100059;299.65;800;9754504717;B
20240305;100059;299.65;10;9754504720;B
20240305;100059;299.64;100;9754504737;S
20240305;100100;299.66;10;9754504841;B
20240305;100100;299.66;40;9754504842;B
20240305;100100;299.66;10;9754504998;B
20240305;100100;299.66;110;9754505018;B
20240305;100100;299.66;180;9754505028;B
20240305;100100;299.66;220;9754505029;B
20240305;100101;299.66;790;9754505064;B
20240305;100101;299.66;1500;9754505065;B
20240305;100101;299.67;200;9754505066;B
20240305;100101;299.67;50;9754505067;B
20240305;100101;299.67;260;9754505068;B
20240305;100101;299.64;90;9754505096;S
20240305;100101;299.64;240;9754505117;S
20240305;100101;299.64;380;9754505153;S
20240305;100101;299.64;710;9754505241;S
20240305;100101;299.64;500;9754505258;S
20240305;100101;299.65;10;9754505268;B
20240305;100101;299.65;1500;9754505269;B
20240305;100101;299.65;400;9754505270;B
20240305;100101;299.67;340;9754505271;B
20240305;100101;299.67;340;9754505272;B
20240305;100101;299.67;1010;9754505273;B
20240305;100101;299.68;4470;9754505274;B
20240305;100101;299.68;100;9754505275;B
20240305;100101;299.68;10;9754505276;B
20240305;100101;299.68;100;9754505277;B
20240305;100101;299.68;1000;9754505278;B
20240305;100101;299.69;3690;9754505279;B
20240305;100101;299.69;10;9754505280;B
20240305;100101;299.69;90;9754505281;B
20240305;100101;299.69;20;9754505282;B
20240305;100101;299.69;3000;9754505283;B
20240305;100101;299.69;50;9754505284;B
20240305;100101;299.7;70;9754505285;B
20240305;100101;299.7;10;9754505286;B
20240305;100101;299.7;30;9754505287;B
20240305;100101;299.7;500;9754505288;B
20240305;100101;299.7;20;9754505289;B
20240305;100101;299.7;10;9754505290;B
20240305;100101;299.7;150;9754505291;B
20240305;100101;299.7;40;9754505292;B
20240305;100101;299.7;30;9754505293;B
20240305;100101;299.65;100;9754505299;S
20240305;100101;299.65;10;9754505334;B
20240305;100101;299.64;50;9754505353;S
20240305;100101;299.64;40;9754505354;S
20240305;100101;299.65;10;9754505359;B
20240305;100101;299.64;90;9754505383;S
20240305;100101;299.64;1500;9754505384;S
20240305;100101;299.64;100;9754505385;S
20240305;100101;299.64;160;9754505386;S
20240305;100101;299.64;30;9754505388;S
20240305;100101;299.65;60;9754505392;B
20240305;100101;299.67;400;9754505393;B
20240305;100101;299.67;340;9754505394;B
20240305;100101;299.68;340;9754505395;B
20240305;100101;299.68;1000;9754505396;B
20240305;100101;299.68;2000;9754505397;B
20240305;100101;299.69;1010;9754505398;B
20240305;100101;299.7;470;9754505399;B
20240305;100101;299.7;100;9754505400;B
20240305;100101;299.7;10;9754505401;B
20240305;100101;299.7;50;9754505402;B
20240305;100101;299.7;1000;9754505403;B
20240305;100101;299.7;1220;9754505404;B
20240305;100101;299.64;40;9754505408;S
20240305;100101;299.69;50;9754505410;B
20240305;100102;299.66;70;9754505439;B
20240305;100102;299.67;500;9754505443;B
20240305;100102;299.66;400;9754505565;B
20240305;100102;299.66;340;9754505566;B
20240305;100102;299.67;10;9754505572;B
20240305;100102;299.67;50;9754505584;B
20240305;100102;299.66;10;9754505594;S
20240305;100102;299.66;500;9754505611;S
20240305;100102;299.67;10;9754505633;B
20240305;100102;299.66;100;9754505663;S
20240305;100103;299.66;80;9754505728;S
20240305;100103;299.66;80;9754505731;S
20240305;100103;299.67;220;9754505753;B
20240305;100103;299.66;2000;9754505829;S
20240305;100103;299.66;20;9754505856;S
20240305;100103;299.66;220;9754505913;S
20240305;100103;299.66;220;9754505916;S
20240305;100103;299.66;80;9754505938;S
20240305;100103;299.66;80;9754505939;S
20240305;100104;299.67;320;9754506035;B
20240305;100104;299.66;1000;9754506069;S
20240305;100104;299.67;10;9754506092;B
20240305;100104;299.67;1500;9754506093;B
20240305;100104;299.67;2000;9754506094;B
20240305;100104;299.67;2500;9754506095;B
20240305;100104;299.67;340;9754506096;B
20240305;100104;299.67;1010;9754506097;B
20240305;100104;299.67;340;9754506098;B
20240305;100104;299.67;10;9754506099;B
20240305;100104;299.69;10;9754506100;B
20240305;100104;299.7;660;9754506101;B
20240305;100104;299.69;30;9754506102;B
20240305;100104;299.68;30;9754506127;B
20240305;100104;299.66;10;9754506130;S
20240305;100105;299.67;400;9754506165;B
20240305;100105;299.67;40;9754506167;B
20240305;100105;299.66;150;9754506207;S
20240305;100105;299.67;250;9754506281;B
20240305;100105;299.66;3000;9754506292;S
20240305;100105;299.66;150;9754506294;S
20240305;100105;299.67;20;9754506329;B
20240305;100105;299.67;80;9754506364;B
20240305;100106;299.67;250;9754506406;B
20240305;100106;299.67;2250;9754506417;B
20240305;100106;299.67;1500;9754506418;B
20240305;100106;299.67;100;9754506500;S
20240305;100106;299.67;10;9754506514;S
20240305;100106;299.69;1010;9754506611;B
20240305;100106;299.69;340;9754506612;B
20240305;100106;299.7;100;9754506613;B
20240305;100106;299.7;120;9754506614;B
20240305;100106;299.7;430;9754506615;B
20240305;100107;299.69;100;9754506704;B
20240305;100107;299.69;30;9754506708;B
20240305;100107;299.67;220;9754506742;S
20240305;100107;299.67;20;9754506765;S
20240305;100107;299.68;220;9754506851;B
20240305;100107;299.68;250;9754506860;S
20240305;100108;299.69;90;9754506891;B
20240305;100108;299.69;10;9754506904;B
20240305;100108;299.69;10;9754506929;B
20240305;100108;299.69;310;9754506952;B
20240305;100108;299.68;30;9754507024;S
20240305;100108;299.68;20;9754507025;S
20240305;100108;299.68;70;9754507034;S
20240305;100108;299.68;70;9754507043;S
20240305;100109;299.69;200;9754507237;B
20240305;100109;299.68;80;9754507310;S
20240305;100109;299.68;80;9754507331;S
20240305;100109;299.69;810;9754507347;B
20240305;100109;299.7;24190;9754507348;B
20240305;100109;299.68;400;9754507349;S
20240305;100109;299.67;600;9754507350;S
20240305;100109;299.68;150;9754507391;S
20240305;100109;299.68;150;9754507415;S
20240305;100109;299.68;100;9754507452;S
20240305;100109;299.68;10;9754507453;S
20240305;100109;299.67;40;9754507454;S
20240305;100109;299.68;110;9754507458;S
20240305;100109;299.68;40;9754507464;S
20240305;100109;299.68;60;9754507468;S
20240305;100110;299.69;1000;9754507500;B
20240305;100110;299.7;6380;9754507507;B
20240305;100110;299.7;40;9754507508;B
20240305;100110;299.7;10;9754507509;B
20240305;100110;299.7;200;9754507510;B
20240305;100110;299.7;2480;9754507511;B
20240305;100110;299.7;100;9754507512;B
20240305;100110;299.7;30;9754507513;B
20240305;100110;299.7;500;9754507514;B
20240305;100110;299.7;100;9754507515;B
20240305;100110;299.7;20;9754507516;B
20240305;100110;299.7;10;9754507517;B
20240305;100110;299.7;10;9754507518;B
20240305;100110;299.7;10;9754507519;B
20240305;100110;299.7;100;9754507520;B
20240305;100110;299.7;10;9754507521;B
20240305;100110;299.7;120;9754507522;B
20240305;100110;299.7;50;9754507523;B
20240305;100110;299.7;340;9754507524;B
20240305;100110;299.7;1500;9754507525;B
20240305;100110;299.72;600;9754507526;B
20240305;100110;299.72;100;9754507527;B
20240305;100110;299.72;570;9754507528;B
20240305;100110;299.72;200;9754507529;B
20240305;100110;299.73;160;9754507530;B
20240305;100110;299.73;20;9754507531;B
20240305;100110;299.74;3000;9754507532;B
20240305;100110;299.75;300;9754507533;B
20240305;100110;299.75;20;9754507534;B
20240305;100110;299.75;1000;9754507535;B
20240305;100110;299.75;400;9754507536;B
20240305;100110;299.76;90;9754507537;B
20240305;100110;299.77;10;9754507538;B
20240305;100110;299.77;100;9754507539;B
20240305;100110;299.77;10;9754507540;B
20240305;100110;299.77;500;9754507541;B
20240305;100110;299.77;560;9754507542;B
20240305;100110;299.77;1050;9754507543;B
20240305;100110;299.76;400;9754507544;B
20240305;100110;299.76;10;9754507546;B
20240305;100110;299.68;190;9754507614;S
20240305;100110;299.68;560;9754507615;S
20240305;100110;299.67;250;9754507616;S
20240305;100110;299.68;10;9754507658;S
20240305;100110;299.75;10;9754507675;B
20240305;100110;299.75;10;9754507676;B
20240305;100110;299.68;250;9754507677;S
20240305;100110;299.68;140;9754507678;S
20240305;100110;299.68;10;9754507679;S
20240305;100110;299.68;550;9754507681;S
20240305;100110;299.68;500;9754507682;S
20240305;100110;299.67;500;9754507683;S
20240305;100110;299.75;10;9754507691;B
20240305;100110;299.68;170;9754507772;S
20240305;100110;299.68;10;9754507773;S
20240305;100110;299.7;400;9754507809;S
20240305;100110;299.69;100;9754507810;S
20240305;100111;299.73;50;9754507823;B
20240305;100111;299.72;10;9754507862;B
20240305;100111;299.7;10;9754507884;S
20240305;100111;299.71;10;9754507886;B
20240305;100111;299.71;130;9754507897;B
20240305;100111;299.71;300;9754507898;B
20240305;100111;299.72;10;9754507912;B
20240305;100111;299.72;10;9754507916;B
20240305;100111;299.72;240;9754507917;B
20240305;100111;299.74;10;9754507927;B
20240305;100111;299.74;10;9754507938;B
20240305;100112;299.74;10;9754507965;B
20240305;100112;299.74;10;9754507994;B
20240305;100112;299.74;10;9754508004;B
20240305;100112;299.74;10;9754508028;B
20240305;100112;299.74;10;9754508076;B
20240305;100112;299.74;10;9754508099;B
20240305;100113;299.74;10;9754508139;B
20240305;100113;299.74;10;9754508153;B
20240305;100113;299.74;30;9754508165;B
20240305;100113;299.74;70;9754508166;B
20240305;100113;299.7;10;9754508175;S
20240305;100113;299.7;40;9754508186;S
20240305;100113;299.7;50;9754508187;S
20240305;100113;299.7;10;9754508188;S
20240305;100113;299.74;50;9754508225;B
20240305;100113;299.74;30;9754508228;B
20240305;100113;299.74;10;9754508229;B
20240305;100113;299.74;60;9754508237;B
20240305;100113;299.74;80;9754508240;B
20240305;100113;299.74;130;9754508241;B
20240305;100113;299.74;100;9754508242;B
20240305;100113;299.74;40;9754508243;B
20240305;100113;299.74;80;9754508244;B
20240305;100113;299.74;710;9754508246;B
20240305;100113;299.74;100;9754508247;B
20240305;100113;299.74;50;9754508251;B
20240305;100113;299.74;70;9754508253;B
20240305;100113;299.74;60;9754508254;B
20240305;100113;299.74;10;9754508272;B
20240305;100113;299.75;50;9754508273;B
20240305;100113;299.75;10;9754508274;B
20240305;100113;299.75;20;9754508275;B
20240305;100113;299.75;70;9754508279;B
20240305;100113;299.75;70;9754508280;B
20240305;100113;299.75;340;9754508282;B
20240305;100113;299.75;10;9754508283;B
20240305;100113;299.76;190;9754508284;B
20240305;100113;299.76;50;9754508287;B
20240305;100113;299.76;40;9754508288;B
20240305;100113;299.76;60;9754508289;B
20240305;100113;299.76;60;9754508290;B
20240305;100113;299.76;120;9754508291;B
20240305;100113;299.71;10;9754508292;S
20240305;100113;299.71;400;9754508293;S
20240305;100113;299.7;40;9754508294;S
20240305;100113;299.7;300;9754508295;S
20240305;100113;299.76;60;9754508296;B
20240305;100113;299.76;50;9754508297;B
20240305;100113;299.76;50;9754508298;B
20240305;100113;299.76;110;9754508299;B
20240305;100113;299.76;70;9754508300;B
20240305;100113;299.76;90;9754508302;B
20240305;100113;299.76;40;9754508304;B
20240305;100113;299.76;60;9754508305;B
20240305;100113;299.76;20;9754508307;B
20240305;100113;299.76;60;9754508309;B
20240305;100113;299.76;90;9754508310;B
20240305;100113;299.76;50;9754508311;B
20240305;100113;299.76;50;9754508312;B
20240305;100113;299.76;140;9754508313;B
20240305;100113;299.76;20;9754508315;B
20240305;100114;299.76;100;9754508317;B
20240305;100114;299.76;130;9754508318;B
20240305;100114;299.76;60;9754508319;B
20240305;100114;299.76;60;9754508321;B
20240305;100114;299.76;70;9754508322;B
20240305;100114;299.76;90;9754508323;B
20240305;100114;299.76;50;9754508324;B
20240305;100114;299.76;30;9754508325;B
20240305;100114;299.76;40;9754508326;B
20240305;100114;299.76;160;9754508327;B
20240305;100114;299.76;20;9754508328;B
20240305;100114;299.76;100;9754508329;B
20240305;100114;299.76;60;9754508331;B
20240305;100114;299.76;30;9754508333;B
20240305;100114;299.76;60;9754508334;B
20240305;100114;299.76;50;9754508335;B
20240305;100114;299.76;10;9754508336;B
20240305;100114;299.76;50;9754508337;B
20240305;100114;299.76;50;9754508338;B
20240305;100114;299.76;60;9754508339;B
20240305;100114;299.76;30;9754508340;B
20240305;100114;299.76;60;9754508341;B
20240305;100114;299.76;50;9754508342;B
20240305;100114;299.76;20;9754508343;B
20240305;100114;299.76;50;9754508344;B
20240305;100114;299.76;40;9754508345;B
20240305;100114;299.76;60;9754508346;B
20240305;100114;299.76;60;9754508347;B
20240305;100114;299.76;300;9754508389;B
20240305;100114;299.76;160;9754508403;B
20240305;100114;299.76;140;9754508404;B
20240305;100114;299.74;1000;9754508528;S
20240305;100114;299.74;1000;9754508529;S
20240305;100114;299.76;280;9754508535;B
20240305;100114;299.75;1000;9754508575;S
20240305;100115;299.75;500;9754508576;S
20240305;100115;299.71;340;9754508577;S
20240305;100115;299.71;160;9754508578;S
20240305;100115;299.72;150;9754508657;S
20240305;100115;299.72;100;9754508701;S
20240305;100116;299.76;60;9754508908;S
20240305;100116;299.75;60;9754508909;B
20240305;100116;299.77;330;9754508910;B
20240305;100116;299.77;200;9754508911;B
20240305;100116;299.77;400;9754508912;B
20240305;100116;299.77;510;9754508913;B
20240305;100116;299.73;30;9754508915;S
20240305;100116;299.75;20;9754508979;B
20240305;100117;299.75;30;9754509119;B
20240305;100117;299.73;240;9754509154;S
20240305;100117;299.73;10;9754509174;S
20240305;100117;299.73;50;9754509175;S
20240305;100117;299.73;50;9754509176;S
20240305;100117;299.73;100;9754509177;S
20240305;100118;299.72;340;9754509206;S
20240305;100118;299.72;560;9754509207;S
20240305;100118;299.72;50;9754509208;S
20240305;100118;299.72;20;9754509209;S
20240305;100118;299.72;30;9754509210;S
20240305;100118;299.75;10;9754509218;B
20240305;100118;299.71;50;9754509258;S
20240305;100118;299.71;50;9754509259;S
20240305;100118;299.71;510;9754509263;S
20240305;100118;299.71;50;9754509264;S
20240305;100118;299.7;90;9754509265;S
20240305;100118;299.76;10;9754509269;B
20240305;100118;299.72;10;9754509323;S
20240305;100118;299.72;10;9754509348;S
20240305;100119;299.72;30;9754509423;S
20240305;100119;299.71;50;9754509425;S
20240305;100119;299.7;390;9754509426;S
20240305;100119;299.71;10;9754509449;B
20240305;100119;299.71;80;9754509461;B
20240305;100119;299.71;50;9754509462;B
20240305;100119;299.71;30;9754509463;B
20240305;100119;299.7;160;9754509464;S
20240305;100119;299.69;900;9754509465;S
20240305;100119;299.69;560;9754509466;S
20240305;100119;299.68;380;9754509467;S
20240305;100120;299.7;130;9754509552;B
20240305;100120;299.74;20;9754509553;B
20240305;100120;299.74;340;9754509554;B
20240305;100120;299.74;520;9754509555;B
20240305;100120;299.75;10;9754509556;B
20240305;100120;299.75;340;9754509557;B
20240305;100120;299.75;2000;9754509558;B
20240305;100120;299.75;400;9754509559;B
20240305;100120;299.76;560;9754509560;B
20240305;100120;299.76;520;9754509561;B
20240305;100120;299.77;560;9754509562;B
20240305;100120;299.78;560;9754509563;B
20240305;100120;299.78;2000;9754509564;B
20240305;100120;299.79;100;9754509565;B
20240305;100120;299.79;10;9754509566;B
20240305;100120;299.79;10;9754509567;B
20240305;100120;299.79;500;9754509568;B
20240305;100120;299.79;1420;9754509569;B
20240305;100120;299.74;350;9754509603;B
20240305;100120;299.75;10;9754509608;B
20240305;100120;299.75;10;9754509609;B
20240305;100120;299.69;560;9754509611;S
20240305;100120;299.69;400;9754509612;S
20240305;100120;299.68;50;9754509613;S
20240305;100120;299.68;10;9754509614;S
20240305;100120;299.68;560;9754509615;S
20240305;100120;299.67;5750;9754509616;S
20240305;100120;299.74;10;9754509629;B
20240305;100120;299.68;50;9754509661;S
20240305;100120;299.73;40;9754509699;B
20240305;100120;299.68;80;9754509708;S
20240305;100120;299.68;10;9754509709;S
20240305;100120;299.68;420;9754509711;S
20240305;100120;299.67;4580;9754509712;S
20240305;100120;299.67;10;9754509713;S
20240305;100120;299.73;300;9754509717;B
20240305;100120;299.73;340;9754509718;B
20240305;100120;299.73;160;9754509719;B
20240305;100121;299.71;150;9754509791;B
20240305;100121;299.71;200;9754509792;B
20240305;100121;299.71;340;9754509793;B
20240305;100121;299.72;750;9754509794;B
20240305;100121;299.72;400;9754509795;B
20240305;100121;299.73;160;9754509796;B
20240305;100121;299.73;10;9754509834;B
20240305;100121;299.69;80;9754509862;S
20240305;100121;299.67;20;9754509863;S
20240305;100121;299.72;10;9754509879;B
20240305;100121;299.68;50;9754509940;B
20240305;100121;299.68;100;9754509941;B
20240305;100121;299.67;200;9754509949;S
20240305;100121;299.67;590;9754509970;S
20240305;100122;299.68;20;9754510033;B
20240305;100122;299.67;100;9754510045;S
20240305;100122;299.67;10;9754510052;S
20240305;100122;299.68;100;9754510064;B
20240305;100122;299.67;30;9754510065;S
20240305;100122;299.67;300;9754510069;S
20240305;100122;299.68;10;9754510109;B
20240305;100122;299.68;70;9754510115;B
20240305;100123;299.67;750;9754510175;S
20240305;100123;299.67;40;9754510214;S
20240305;100123;299.67;790;9754510223;S
20240305;100123;299.67;100;9754510253;S
20240305;100123;299.67;450;9754510265;S
20240305;100123;299.68;10;9754510296;B
20240305;100124;299.67;790;9754510441;S
20240305;100124;299.67;210;9754510442;S
20240305;100124;299.68;50;9754510450;B
20240305;100124;299.68;670;9754510530;B
20240305;100125;299.68;30;9754510589;B
20240305;100125;299.68;370;9754510681;B
20240305;100125;299.68;2000;9754510682;B
20240305;100125;299.68;140;9754510683;B
20240305;100125;299.68;1000;9754510684;B
20240305;100125;299.67;10;9754510709;S
20240305;100126;299.68;10;9754510869;B
20240305;100126;299.68;400;9754510870;S
20240305;100126;299.68;340;9754510873;S
20240305;100126;299.73;560;9754510943;B
20240305;100126;299.73;750;9754510944;B
20240305;100126;299.73;200;9754510970;B
20240305;100127;299.68;10;9754510993;S
20240305;100127;299.73;30;9754511069;B
20240305;100127;299.73;20;9754511070;B
20240305;100128;299.73;10;9754511098;B
20240305;100128;299.73;50;9754511116;B
20240305;100128;299.73;380;9754511117;B
20240305;100128;299.73;1620;9754511118;B
20240305;100128;299.73;10;9754511123;B
20240305;100128;299.7;10;9754511137;S
20240305;100128;299.74;10;9754511145;B
20240305;100128;299.74;90;9754511146;B
20240305;100128;299.7;30;9754511206;S
20240305;100129;299.74;10;9754511219;B
20240305;100129;299.7;10;9754511225;S
20240305;100130;299.72;30;9754511519;S
20240305;100131;299.72;370;9754511528;S
20240305;100131;299.71;530;9754511529;S
20240305;100131;299.73;10;9754511590;B
20240305;100131;299.73;30;9754511591;B
20240305;100131;299.73;70;9754511605;B
20240305;100131;299.73;100;9754511606;B
20240305;100132;299.75;1000;9754511730;B
20240305;100132;299.76;300;9754511731;B
20240305;100132;299.77;200;9754511732;B
20240305;100132;299.76;20;9754511750;S
20240305;100132;299.76;320;9754511862;S
20240305;100132;299.76;80;9754511863;S
20240305;100133;299.76;10;9754511880;B
20240305;100133;299.76;200;9754511881;B
20240305;100133;299.77;2300;9754511882;B
20240305;100133;299.78;20;9754511883;B
20240305;100133;299.78;10;9754511884;B
20240305;100133;299.78;260;9754511885;B
20240305;100133;299.76;10;9754511978;S
20240305;100133;299.76;30;9754511983;S
20240305;100133;299.77;10;9754511994;B
20240305;100133;299.77;10;9754511998;B
20240305;100134;299.77;30;9754512033;B
20240305;100134;299.77;30;9754512039;B
20240305;100134;299.77;150;9754512114;B
20240305;100134;299.77;30;9754512135;B
20240305;100134;299.76;50;9754512142;S
20240305;100134;299.76;10;9754512152;S
20240305;100135;299.77;100;9754512227;B
20240305;100135;299.76;10;9754512240;S
20240305;100135;299.76;50;9754512280;S
20240305;100135;299.76;50;9754512284;S
20240305;100135;299.77;10;9754512320;B
20240305;100135;299.77;130;9754512386;B
20240305;100135;299.77;870;9754512387;B
20240305;100136;299.77;80;9754512389;B
20240305;100136;299.77;30;9754512405;B
20240305;100136;299.76;30;9754512431;S
20240305;100137;299.76;330;9754512554;S
20240305;100137;299.76;10;9754512555;S
20240305;100137;299.76;10;9754512556;S
20240305;100137;299.76;500;9754512557;S
20240305;100137;299.75;150;9754512558;S
20240305;100137;299.77;100;9754512561;B
20240305;100137;299.77;200;9754512571;B
20240305;100137;299.77;200;9754512572;B
20240305;100137;299.77;1400;9754512573;B
20240305;100137;299.77;1500;9754512574;B
20240305;100137;299.77;200;9754512575;B
20240305;100137;299.77;200;9754512576;B
20240305;100137;299.77;100;9754512577;B
20240305;100137;299.77;100;9754512578;B
20240305;100137;299.78;100;9754512579;B
20240305;100137;299.75;410;9754512642;S
20240305;100137;299.75;340;9754512643;S
20240305;100137;299.75;360;9754512644;S
20240305;100137;299.78;1000;9754512653;B
20240305;100138;299.78;60;9754512689;B
20240305;100138;299.75;10;9754512700;S
20240305;100138;299.78;250;9754512706;B
20240305;100138;299.77;10;9754512761;S
20240305;100138;299.78;10;9754512762;B
20240305;100138;299.78;100;9754512806;B
20240305;100138;299.77;80;9754512821;S
20240305;100138;299.78;500;9754512843;B
20240305;100139;299.77;40;9754512874;S
20240305;100139;299.78;3300;9754512882;B
20240305;100139;299.78;50;9754512926;B
20240305;100139;299.78;30;9754512947;B
20240305;100139;299.77;10;9754512949;S
20240305;100139;299.77;20;9754512951;S
20240305;100140;299.78;840;9754513013;B
20240305;100140;299.78;10;9754513014;B
20240305;100140;299.78;150;9754513015;B
20240305;100140;299.78;40;9754513024;B
20240305;100140;299.78;60;9754513025;B
20240305;100140;299.77;50;9754513033;S
20240305;100141;299.78;170;9754513116;B
20240305;100141;299.77;1170;9754513170;S
20240305;100141;299.77;50;9754513171;S
20240305;100141;299.77;50;9754513172;S
20240305;100141;299.76;10;9754513173;S
20240305;100141;299.76;20;9754513174;S
20240305;100141;299.75;640;9754513175;S
20240305;100141;299.75;500;9754513176;S
20240305;100141;299.75;340;9754513177;S
20240305;100141;299.75;340;9754513178;S
20240305;100141;299.75;560;9754513179;S
20240305;100141;299.75;880;9754513180;S
20240305;100141;299.78;10;9754513361;B
20240305;100141;299.78;10;9754513410;B
20240305;100141;299.77;50;9754513411;S
20240305;100141;299.76;200;9754513412;S
20240305;100142;299.78;180;9754513500;B
20240305;100142;299.78;50;9754513501;B
20240305;100142;299.78;50;9754513502;B
20240305;100142;299.78;320;9754513503;B
20240305;100142;299.78;70;9754513507;B
20240305;100142;299.78;10;9754513544;B
20240305;100142;299.78;40;9754513572;B
20240305;100142;299.78;1000;9754513589;B
20240305;100142;299.78;20;9754513598;B
20240305;100142;299.77;40;9754513652;S
20240305;100142;299.78;20;9754513689;B
20240305;100143;299.77;100;9754513723;B
20240305;100143;299.77;110;9754513724;B
20240305;100143;299.78;50;9754513763;B
20240305;100143;299.79;10;9754513764;B
20240305;100143;299.79;20;9754513765;B
20240305;100143;299.79;10;9754513766;B
20240305;100143;299.79;10;9754513767;B
20240305;100143;299.79;10;9754513768;B
20240305;100143;299.79;30;9754513769;B
20240305;100143;299.8;390;9754513770;B
20240305;100143;299.77;490;9754513837;S
20240305;100143;299.76;1010;9754513838;S
20240305;100143;299.76;340;9754513839;S
20240305;100143;299.76;340;9754513840;S
20240305;100143;299.76;50;9754513841;S
20240305;100143;299.75;10;9754513842;S
20240305;100143;299.75;100;9754513844;S
20240305;100143;299.75;10;9754513846;S
20240305;100143;299.8;160;9754513862;B
20240305;100143;299.8;10;9754513863;B
20240305;100143;299.8;50;9754513864;B
20240305;100143;299.8;10;9754513865;B
20240305;100143;299.8;20;9754513866;B
20240305;100143;299.8;100;9754513867;B
20240305;100143;299.8;20;9754513868;B
20240305;100143;299.8;30;9754513869;B
20240305;100143;299.76;340;9754513870;S
20240305;100143;299.76;600;9754513871;S
20240305;100143;299.76;50;9754513901;S
20240305;100143;299.77;10;9754513933;B
20240305;100143;299.76;50;9754513948;S
20240305;100143;299.77;30;9754513955;B
20240305;100143;299.77;10;9754513956;B
20240305;100143;299.77;100;9754513957;B
20240305;100143;299.79;60;9754513958;B
20240305;100143;299.76;190;9754513979;S
20240305;100143;299.76;10;9754514024;S
20240305;100143;299.76;10;9754514032;S
20240305;100144;299.76;50;9754514142;S
20240305;100144;299.75;200;9754514143;S
20240305;100144;299.75;120;9754514147;S
20240305;100144;299.75;20;9754514148;S
20240305;100144;299.76;10;9754514163;S
20240305;100144;299.75;100;9754514164;S
20240305;100144;299.75;50;9754514181;S
20240305;100144;299.75;110;9754514203;S
20240305;100144;299.75;50;9754514205;S
20240305;100144;299.77;10;9754514230;B
20240305;100144;299.77;60;9754514236;B
20240305;100144;299.77;260;9754514255;B
20240305;100144;299.77;260;9754514278;B
20240305;100145;299.75;2090;9754514292;S
20240305;100145;299.75;1000;9754514293;S
20240305;100145;299.75;560;9754514294;S
20240305;100145;299.75;80;9754514295;S
20240305;100145;299.77;110;9754514323;B
20240305;100145;299.75;90;9754514396;S
20240305;100146;299.75;50;9754514463;B
20240305;100146;299.74;150;9754514477;S
20240305;100146;299.74;70;9754514552;S
20240305;100146;299.74;40;9754514620;S
20240305;100146;299.74;380;9754514653;S
20240305;100147;299.75;140;9754514715;B
20240305;100147;299.74;530;9754514728;S
20240305;100147;299.74;1220;9754514758;S
20240305;100147;299.75;20;9754514763;B
20240305;100147;299.75;10;9754514784;B
20240305;100147;299.74;70;9754514845;S
20240305;100148;299.74;670;9754514941;S
20240305;100148;299.74;20;9754514985;S
20240305;100148;299.74;1670;9754515019;S
20240305;100149;299.74;1000;9754515058;S
20240305;100149;299.75;10;9754515129;B
20240305;100150;299.74;10;9754515200;S
20240305;100150;299.75;1720;9754515207;B
20240305;100150;299.75;250;9754515208;B
20240305;100150;299.75;10;9754515209;B
20240305;100150;299.75;1010;9754515210;B
20240305;100150;299.75;340;9754515211;B
20240305;100150;299.75;400;9754515212;B
20240305;100150;299.75;340;9754515213;B
20240305;100150;299.75;100;9754515214;B
20240305;100150;299.75;1500;9754515215;B
20240305;100150;299.76;1000;9754515216;B
20240305;100150;299.77;240;9754515217;B
20240305;100150;299.77;20;9754515218;B
20240305;100150;299.77;9100;9754515219;B
20240305;100150;299.78;50;9754515220;B
20240305;100150;299.78;50;9754515221;B
20240305;100150;299.79;10;9754515222;B
20240305;100150;299.79;100;9754515223;B
20240305;100150;299.8;70;9754515224;B
20240305;100150;299.8;10;9754515225;B
20240305;100150;299.8;80;9754515226;B
20240305;100150;299.8;10;9754515227;B
20240305;100150;299.8;10;9754515228;B
20240305;100150;299.8;1010;9754515229;B
20240305;100150;299.8;200;9754515230;B
20240305;100150;299.8;70;9754515231;B
20240305;100150;299.8;150;9754515232;B
20240305;100150;299.8;10;9754515233;B
20240305;100150;299.8;10;9754515234;B
20240305;100150;299.8;300;9754515235;B
20240305;100150;299.8;80;9754515236;B
20240305;100150;299.8;10;9754515237;B
20240305;100150;299.8;20;9754515238;B
20240305;100150;299.8;100;9754515239;B
20240305;100150;299.8;320;9754515240;B
20240305;100150;299.8;50;9754515241;B
20240305;100150;299.8;10;9754515242;B
20240305;100150;299.8;300;9754515243;B
20240305;100150;299.8;1500;9754515244;B
20240305;100150;299.8;1000;9754515245;B
20240305;100150;299.8;50;9754515246;B
20240305;100150;299.8;10;9754515247;B
20240305;100150;299.8;600;9754515248;B
20240305;100150;299.8;50;9754515249;B
20240305;100150;299.8;30;9754515250;B
20240305;100150;299.8;3000;9754515251;B
20240305;100150;299.8;10;9754515252;B
20240305;100150;299.8;30;9754515253;B
20240305;100150;299.8;80;9754515254;B
20240305;100150;299.8;150;9754515255;B
20240305;100150;299.8;20;9754515256;B
20240305;100150;299.8;1000;9754515257;B
20240305;100150;299.8;10;9754515258;B
20240305;100150;299.8;100;9754515259;B
20240305;100150;299.8;10;9754515260;B
20240305;100150;299.8;10;9754515261;B
20240305;100150;299.8;500;9754515262;B
20240305;100150;299.8;200;9754515263;B
20240305;100150;299.8;90;9754515264;B
20240305;100150;299.8;20;9754515265;B
20240305;100150;299.8;90;9754515266;B
20240305;100150;299.8;30;9754515267;B
20240305;100150;299.8;430;9754515268;B
20240305;100150;299.8;2000;9754515269;B
20240305;100150;299.8;50;9754515270;B
20240305;100150;299.8;170;9754515271;B
20240305;100150;299.8;10;9754515272;B
20240305;100150;299.8;30;9754515273;B
20240305;100150;299.8;40;9754515274;B
20240305;100150;299.8;30;9754515275;B
20240305;100150;299.8;110;9754515276;B
20240305;100150;299.8;10;9754515277;B
20240305;100150;299.8;10;9754515278;B
20240305;100150;299.8;40;9754515279;B
20240305;100150;299.8;1000;9754515280;S
20240305;100150;299.8;150;9754515300;S
20240305;100150;299.81;10;9754515342;B
20240305;100151;299.8;20;9754515376;S
20240305;100151;299.8;30;9754515401;S
20240305;100151;299.8;50;9754515414;S
20240305;100151;299.8;50;9754515446;S
20240305;100151;299.81;90;9754515449;B
20240305;100151;299.81;150;9754515450;B
20240305;100151;299.81;200;9754515471;B
20240305;100151;299.8;2910;9754515475;S
20240305;100151;299.8;90;9754515476;S
20240305;100151;299.8;50;9754515505;S
20240305;100151;299.8;20;9754515510;S
20240305;100152;299.8;9540;9754515547;S
20240305;100152;299.8;2650;9754515588;S
20240305;100153;299.81;10;9754515685;B
20240305;100153;299.8;1000;9754515710;S
20240305;100153;299.8;10;9754515730;S
20240305;100153;299.8;20;9754515741;S
20240305;100153;299.8;10;9754515764;S
20240305;100153;299.81;10;9754515783;B
20240305;100153;299.81;100;9754515808;B
20240305;100154;299.8;100;9754515820;S
20240305;100154;299.81;30;9754515827;B
20240305;100154;299.8;30;9754515843;S
20240305;100154;299.8;200;9754515866;S
20240305;100154;299.81;70;9754515867;B
20240305;100154;299.81;10;9754515936;B
20240305;100155;299.81;780;9754516032;B
20240305;100155;299.81;340;9754516033;B
20240305;100155;299.81;2500;9754516034;B
20240305;100155;299.81;340;9754516035;B
20240305;100155;299.82;10;9754516036;B
20240305;100155;299.82;10;9754516037;B
20240305;100155;299.82;200;9754516038;B
20240305;100155;299.82;50;9754516039;B
20240305;100155;299.82;400;9754516040;B
20240305;100155;299.83;370;9754516041;B
20240305;100155;299.81;340;9754516154;B
20240305;100155;299.81;1010;9754516155;B
20240305;100155;299.81;340;9754516156;B
20240305;100156;299.81;80;9754516219;S
20240305;100156;299.82;10;9754516226;B
20240305;100156;299.82;90;9754516272;B
20240305;100156;299.82;10;9754516293;B
20240305;100156;299.81;50;9754516343;S
20240305;100156;299.81;90;9754516356;S
20240305;100156;299.81;90;9754516380;S
20240305;100157;299.82;20;9754516437;B
20240305;100157;299.82;30;9754516438;B
20240305;100157;299.82;40;9754516459;B
20240305;100157;299.81;250;9754516467;S
20240305;100158;299.81;500;9754516671;S
20240305;100159;299.82;10;9754516743;B
20240305;100159;299.81;1000;9754516756;S
20240305;100159;299.81;520;9754516822;S
20240305;100159;299.81;230;9754516823;S
20240305;100159;299.81;290;9754516824;S
20240305;100159;299.81;120;9754516862;S
20240305;100159;299.81;120;9754516863;S
20240305;100159;299.82;20;9754516932;B
20240305;100159;299.82;20;9754516958;B
20240305;100159;299.82;2330;9754516985;B
20240305;100200;299.82;5000;9754517033;B
20240305;100200;299.81;10;9754517090;S
20240305;100200;299.82;10;9754517104;B
20240305;100200;299.82;100;9754517149;B
20240305;100200;299.81;5000;9754517154;S
20240305;100201;299.81;90;9754517165;S
20240305;100201;299.82;500;9754517193;B
20240305;100201;299.82;10;9754517198;B
20240305;100201;299.82;50;9754517208;B
20240305;100201;299.81;10;9754517215;S
20240305;100201;299.82;50;9754517225;B
20240305;100201;299.82;10;9754517244;B
20240305;100201;299.81;200;9754517279;S
20240305;100201;299.81;10;9754517304;S
20240305;100201;299.82;50;9754517314;B
20240305;100201;299.81;200;9754517346;S
20240305;100202;299.81;930;9754517376;S
20240305;100202;299.82;200;9754517378;B
20240305;100202;299.81;200;9754517385;S
20240305;100202;299.81;200;9754517442;S
20240305;100202;299.81;200;9754517470;S
20240305;100202;299.81;500;9754517471;S
20240305;100202;299.82;120;9754517475;B
20240305;100202;299.81;200;9754517480;S
20240305;100202;299.82;1320;9754517482;B
20240305;100202;299.82;330;9754517483;B
20240305;100202;299.82;160;9754517486;B
20240305;100202;299.81;300;9754517494;S
20240305;100202;299.81;1000;9754517495;S
20240305;100202;299.81;30;9754517500;S
20240305;100202;299.81;10;9754517501;S
20240305;100202;299.81;150;9754517502;S
20240305;100202;299.81;100;9754517503;S
20240305;100202;299.8;10;9754517504;S
20240305;100203;299.8;10;9754517556;S
20240305;100203;299.8;1000;9754517572;S
20240305;100203;299.8;30;9754517585;S
20240305;100203;299.8;1000;9754517586;S
20240305;100203;299.8;1000;9754517587;S
20240305;100203;299.8;130;9754517596;S
20240305;100203;299.8;50;9754517597;S
20240305;100203;299.8;10;9754517598;S
20240305;100203;299.8;810;9754517599;S
20240305;100203;299.8;250;9754517604;S
20240305;100203;299.8;380;9754517605;S
20240305;100203;299.8;620;9754517606;S
20240305;100203;299.81;110;9754517618;B
20240305;100203;299.81;100;9754517619;B
20240305;100203;299.8;200;9754517635;S
20240305;100203;299.8;200;9754517658;S
20240305;100203;299.8;200;9754517698;S
20240305;100203;299.8;10;9754517708;S
20240305;100204;299.8;200;9754517733;S
20240305;100204;299.8;10;9754517740;S
20240305;100204;299.8;100;9754517762;S
20240305;100204;299.8;100;9754517781;S
20240305;100204;299.8;200;9754517785;S
20240305;100204;299.8;200;9754517807;S
20240305;100204;299.8;400;9754517824;S
20240305;100204;299.8;200;9754517825;S
20240305;100204;299.81;300;9754517857;B
20240305;100204;299.81;10;9754517864;B
20240305;100205;299.8;200;9754517868;S
20240305;100205;299.81;150;9754517876;B
20240305;100205;299.8;800;9754517878;S
20240305;100205;299.8;100;9754517879;S
20240305;100205;299.8;100;9754517881;S
20240305;100205;299.81;340;9754517906;B
20240305;100205;299.81;340;9754517907;B
20240305;100205;299.81;200;9754517908;B
20240305;100205;299.81;20;9754517909;B
20240305;100205;299.81;100;9754517910;B
20240305;100205;299.81;10;9754517913;B
20240305;100205;299.81;10;9754517955;B
20240305;100205;299.8;1110;9754517984;S
20240305;100205;299.8;10;9754518016;S
20240305;100205;299.8;1000;9754518032;S
20240305;100206;299.81;50;9754518050;B
20240305;100206;299.81;30;9754518063;B
20240305;100206;299.81;200;9754518064;B
20240305;100206;299.81;2000;9754518065;B
20240305;100206;299.81;50;9754518066;B
20240305;100206;299.81;1500;9754518067;B
20240305;100206;299.81;160;9754518068;B
20240305;100206;299.8;800;9754518101;S
20240305;100206;299.8;390;9754518104;S
20240305;100206;299.8;200;9754518105;S
20240305;100206;299.81;10;9754518122;B
20240305;100206;299.81;80;9754518123;B
20240305;100206;299.8;20;9754518162;S
20240305;100206;299.81;10;9754518167;B
20240305;100206;299.81;50;9754518172;B
20240305;100206;299.8;10;9754518221;S
20240305;100206;299.81;10;9754518223;B
20240305;100207;299.8;10;9754518249;S
20240305;100207;299.8;1210;9754518268;S
20240305;100207;299.8;10;9754518269;S
20240305;100207;299.8;500;9754518270;S
20240305;100207;299.8;1430;9754518271;S
20240305;100207;299.81;20;9754518289;B
20240305;100208;299.81;10;9754518425;B
20240305;100208;299.81;10;9754518449;B
20240305;100208;299.8;1070;9754518450;S
20240305;100208;299.8;3930;9754518451;S
20240305;100208;299.8;2000;9754518465;S
20240305;100208;299.8;1000;9754518466;S
20240305;100208;299.8;1900;9754518467;S
20240305;100208;299.8;100;9754518468;S
20240305;100208;299.8;1000;9754518469;S
20240305;100208;299.8;2000;9754518470;S
20240305;100208;299.8;1000;9754518471;S
20240305;100208;299.8;2000;9754518472;S
20240305;100208;299.8;1000;9754518473;S
20240305;100208;299.8;2000;9754518474;S
20240305;100208;299.8;1000;9754518475;S
20240305;100208;299.8;1000;9754518476;S
20240305;100208;299.8;700;9754518477;S
20240305;100208;299.8;20;9754518496;S
20240305;100208;299.8;300;9754518502;S
20240305;100209;299.81;10;9754518508;B
20240305;100209;299.8;1000;9754518522;S
20240305;100209;299.81;10;9754518606;B
20240305;100209;299.8;50;9754518633;S
20240305;100210;299.8;1000;9754518696;S
20240305;100210;299.8;1280;9754518697;S
20240305;100210;299.8;1000;9754518716;S
20240305;100210;299.81;1000;9754518741;B
20240305;100210;299.81;50;9754518863;B
20240305;100210;299.81;10;9754518873;B
20240305;100211;299.8;920;9754518892;S
20240305;100211;299.8;250;9754518893;S
20240305;100211;299.8;500;9754518894;S
20240305;100211;299.81;280;9754518898;B
20240305;100211;299.81;140;9754518899;B
20240305;100211;299.81;80;9754518900;B
20240305;100211;299.8;1000;9754518932;S
20240305;100211;299.8;40;9754518949;S
20240305;100211;299.8;3000;9754518958;S
20240305;100212;299.8;1000;9754519111;S
20240305;100212;299.81;30;9754519119;B
20240305;100212;299.81;10;9754519172;B
20240305;100212;299.81;10;9754519186;B
20240305;100212;299.81;10;9754519188;B
20240305;100212;299.8;10;9754519192;S
20240305;100213;299.8;800;9754519277;S
20240305;100213;299.81;30;9754519310;B
20240305;100213;299.81;80;9754519336;B
20240305;100213;299.8;10;9754519337;S
20240305;100213;299.8;100;9754519347;S
20240305;100214;299.8;10;9754519373;S
20240305;100214;299.81;250;9754519377;B
20240305;100214;299.81;250;9754519378;B
20240305;100214;299.8;200;9754519379;S
20240305;100214;299.81;2500;9754519390;B
20240305;100214;299.81;20;9754519391;B
20240305;100214;299.81;340;9754519392;B
20240305;100214;299.81;1500;9754519393;B
20240305;100214;299.81;400;9754519394;B
20240305;100214;299.81;1780;9754519395;B
20240305;100214;299.81;2000;9754519396;B
20240305;100214;299.81;70;9754519436;S
20240305;100214;299.82;10;9754519437;B
20240305;100214;299.82;30;9754519439;B
20240305;100214;299.81;20;9754519442;S
20240305;100214;299.81;200;9754519450;S
20240305;100214;299.82;150;9754519464;B
20240305;100214;299.82;100;9754519465;B
20240305;100214;299.82;100;9754519466;B
20240305;100214;299.82;100;9754519467;B
20240305;100214;299.82;30;9754519468;B
20240305;100214;299.82;530;9754519551;B
20240305;100214;299.82;2470;9754519552;B
20240305;100215;299.82;530;9754519575;B
20240305;100215;299.82;3000;9754519576;B
20240305;100215;299.82;2000;9754519577;B
20240305;100215;299.82;2500;9754519578;B
20240305;100215;299.82;1500;9754519579;B
20240305;100215;299.82;20;9754519580;B
20240305;100215;299.83;50;9754519581;B
20240305;100215;299.83;100;9754519582;B
20240305;100215;299.83;100;9754519583;B
20240305;100215;299.83;10;9754519584;B
20240305;100215;299.83;80;9754519585;B
20240305;100215;299.83;10;9754519586;B
20240305;100215;299.83;560;9754519587;B
20240305;100215;299.83;100;9754519588;B
20240305;100215;299.83;50;9754519589;B
20240305;100215;299.83;400;9754519590;B
20240305;100215;299.84;80;9754519591;B
20240305;100215;299.84;2000;9754519592;B
20240305;100215;299.84;10;9754519593;B
20240305;100215;299.84;560;9754519594;B
20240305;100215;299.84;30;9754519595;B
20240305;100215;299.84;160;9754519596;B
20240305;100215;299.85;10;9754519597;B
20240305;100215;299.85;700;9754519598;B
20240305;100215;299.85;10;9754519599;B
20240305;100215;299.85;2000;9754519600;B
20240305;100215;299.85;10;9754519601;B
20240305;100215;299.85;40;9754519602;B
20240305;100215;299.85;30;9754519603;B
20240305;100215;299.85;2000;9754519604;B
20240305;100215;299.85;10;9754519605;B
20240305;100215;299.85;1000;9754519606;B
20240305;100215;299.85;10;9754519607;B
20240305;100215;299.85;500;9754519608;B
20240305;100215;299.85;80;9754519609;B
20240305;100215;299.85;29750;9754519610;B
20240305;100215;299.81;50;9754519644;S
20240305;100215;299.85;540;9754519660;B
20240305;100215;299.85;50;9754519672;B
20240305;100215;299.84;160;9754519695;B
20240305;100215;299.84;1160;9754519696;B
20240305;100215;299.84;1500;9754519717;B
20240305;100215;299.84;2000;9754519718;B
20240305;100215;299.85;1500;9754519719;B
20240305;100215;299.84;100;9754519741;B
20240305;100215;299.81;50;9754519749;S
20240305;100216;299.84;250;9754519755;B
20240305;100216;299.84;500;9754519767;B
20240305;100216;299.82;30;9754519788;S
20240305;100216;299.83;50;9754519816;S
20240305;100216;299.84;50;9754519828;B
20240305;100216;299.84;50;9754519830;B
20240305;100216;299.84;1000;9754519867;B
20240305;100217;299.83;250;9754519901;S
20240305;100217;299.82;10;9754519902;S
20240305;100217;299.82;240;9754519903;S
20240305;100217;299.84;50;9754519906;B
20240305;100217;299.84;100;9754519931;B
20240305;100217;299.84;120;9754519961;B
20240305;100217;299.84;20;9754519996;B
20240305;100217;299.84;50;9754520007;B
20240305;100218;299.84;10;9754520026;B
20240305;100218;299.84;10;9754520032;B
20240305;100218;299.83;10;9754520039;S
20240305;100218;299.84;130;9754520120;B
20240305;100218;299.83;10;9754520141;S
20240305;100218;299.83;80;9754520153;S
20240305;100218;299.82;140;9754520154;S
20240305;100218;299.84;300;9754520193;B
20240305;100219;299.84;10;9754520220;B
20240305;100219;299.84;90;9754520261;B
20240305;100219;299.84;20;9754520314;B
20240305;100220;299.84;30;9754520324;B
20240305;100220;299.84;970;9754520325;B
20240305;100220;299.83;10;9754520390;S
20240305;100220;299.83;240;9754520418;S
20240305;100220;299.83;10;9754520419;S
20240305;100221;299.83;20;9754520540;S
20240305;100221;299.84;200;9754520566;B
20240305;100221;299.84;300;9754520678;B
20240305;100221;299.83;10;9754520708;S
20240305;100222;299.84;100;9754520749;B
20240305;100222;299.84;400;9754520750;B
20240305;100222;299.84;430;9754520770;B
20240305;100222;299.84;10;9754520840;B
20240305;100223;299.84;500;9754520868;B
20240305;100223;299.84;330;9754520920;B
20240305;100223;299.83;10;9754520929;S
20240305;100223;299.83;200;9754520936;S
20240305;100223;299.83;50;9754520937;S
20240305;100223;299.83;20;9754520938;S
20240305;100223;299.82;200;9754520939;S
20240305;100223;299.82;340;9754520940;S
20240305;100223;299.82;1010;9754520941;S
20240305;100223;299.82;20;9754520942;S
20240305;100223;299.82;10;9754520943;S
20240305;100223;299.82;2000;9754520944;S
20240305;100223;299.82;400;9754520945;S
20240305;100223;299.81;1070;9754520946;S
20240305;100223;299.81;10;9754520947;S
20240305;100223;299.81;10;9754520948;S
20240305;100223;299.8;660;9754520949;S
20240305;100223;299.84;200;9754520961;B
20240305;100224;299.81;20;9754521037;S
20240305;100224;299.83;10;9754521038;B
20240305;100224;299.83;10;9754521039;B
20240305;100224;299.83;20;9754521040;B
20240305;100224;299.83;30;9754521083;B
20240305;100225;299.83;10;9754521163;B
20240305;100225;299.81;10;9754521169;S
20240305;100225;299.83;20;9754521197;B
20240305;100225;299.83;10;9754521299;B
20240305;100226;299.81;10;9754521339;S
20240305;100226;299.81;150;9754521343;S
20240305;100226;299.81;150;9754521383;S
20240305;100226;299.81;300;9754521413;S
20240305;100226;299.81;340;9754521425;S
20240305;100226;299.81;340;9754521426;S
20240305;100226;299.81;320;9754521427;S
20240305;100226;299.82;1000;9754521437;B
20240305;100226;299.82;10;9754521447;B
20240305;100226;299.82;500;9754521471;B
20240305;100227;299.82;10;9754521519;B
20240305;100227;299.82;1600;9754521615;B
20240305;100227;299.82;10;9754521627;B
20240305;100228;299.81;100;9754521655;S
20240305;100228;299.82;60;9754521671;B
20240305;100228;299.82;1000;9754521695;B
20240305;100228;299.81;10;9754521758;S
20240305;100228;299.81;10;9754521765;S
20240305;100228;299.82;10;9754521785;B
20240305;100228;299.82;510;9754521786;B
20240305;100228;299.82;1260;9754521806;B
20240305;100229;299.82;160;9754521859;B
20240305;100229;299.82;10;9754521880;B
20240305;100229;299.82;210;9754521888;B
20240305;100229;299.82;340;9754521895;B
20240305;100229;299.82;10;9754521909;B
20240305;100229;299.81;40;9754521911;S
20240305;100229;299.82;310;9754521958;B
20240305;100229;299.82;20;9754521977;B
20240305;100229;299.83;600;9754521978;B
20240305;100229;299.83;300;9754521995;B
20240305;100230;299.83;100;9754522023;B
20240305;100230;299.83;30;9754522053;B
20240305;100230;299.83;10;9754522090;B
20240305;100230;299.81;10;9754522103;S
20240305;100230;299.83;150;9754522164;B
20240305;100230;299.81;500;9754522170;S
20240305;100231;299.83;1810;9754522223;B
20240305;100231;299.83;1000;9754522224;B
20240305;100231;299.83;2000;9754522225;B
20240305;100231;299.83;2200;9754522226;B
20240305;100231;299.83;40;9754522227;B
20240305;100231;299.83;10;9754522246;B
20240305;100231;299.82;400;9754522257;S
20240305;100231;299.81;190;9754522258;S
20240305;100231;299.81;340;9754522342;S
20240305;100231;299.81;280;9754522343;S
20240305;100231;299.83;500;9754522348;B
20240305;100232;299.83;10;9754522442;B
20240305;100232;299.81;220;9754522450;S
20240305;100232;299.81;10;9754522451;S
20240305;100232;299.81;20;9754522452;S
20240305;100232;299.83;50;9754522458;B
20240305;100232;299.81;500;9754522483;S
20240305;100232;299.83;20;9754522501;B
20240305;100232;299.82;10;9754522542;S
20240305;100232;299.83;150;9754522565;B
20240305;100232;299.83;840;9754522575;B
20240305;100232;299.83;30;9754522576;B
20240305;100232;299.84;300;9754522577;B
20240305;100232;299.84;100;9754522578;B
20240305;100232;299.84;10;9754522579;B
20240305;100232;299.84;10;9754522580;B
20240305;100232;299.84;1360;9754522581;B
20240305;100233;299.84;50;9754522605;B
20240305;100233;299.81;10;9754522616;S
20240305;100233;299.81;10;9754522625;S
20240305;100233;299.81;340;9754522626;S
20240305;100233;299.81;1010;9754522627;S
20240305;100233;299.81;340;9754522628;S
20240305;100233;299.81;400;9754522629;S
20240305;100233;299.8;1470;9754522630;S
20240305;100233;299.8;20;9754522631;S
20240305;100233;299.8;10;9754522632;S
20240305;100233;299.81;50;9754522684;S
20240305;100234;299.83;10;9754522794;S
20240305;100234;299.83;40;9754522818;S
20240305;100234;299.84;430;9754522837;B
20240305;100234;299.83;20;9754522843;S
20240305;100234;299.84;20;9754522887;B
20240305;100234;299.84;10;9754522900;B
20240305;100234;299.84;1000;9754522905;B
20240305;100234;299.83;10;9754522910;S
20240305;100235;299.84;130;9754522935;B
20240305;100235;299.84;10;9754522936;B
20240305;100235;299.84;100;9754522937;B
20240305;100235;299.84;20;9754522938;B
20240305;100235;299.85;240;9754522939;B
20240305;100235;299.83;260;9754522949;S
20240305;100235;299.83;1010;9754522950;S
20240305;100235;299.83;100;9754522951;S
20240305;100235;299.85;10;9754522957;B
20240305;100235;299.85;910;9754522960;B
20240305;100235;299.85;100;9754522961;B
20240305;100235;299.85;10;9754522962;B
20240305;100235;299.85;10;9754522963;B
20240305;100235;299.85;3000;9754522964;B
20240305;100235;299.85;300;9754522965;B
20240305;100235;299.85;10;9754522966;B
20240305;100235;299.85;10;9754522967;B
20240305;100235;299.85;200;9754522968;B
20240305;100235;299.85;10;9754522969;B
20240305;100235;299.85;10;9754522970;B
20240305;100235;299.86;5430;9754522971;B
20240305;100235;299.86;450;9754523001;B
20240305;100235;299.86;25000;9754523030;B
20240305;100235;299.84;300;9754523059;S
20240305;100235;299.85;300;9754523079;B
20240305;100235;299.86;200;9754523080;B
20240305;100235;299.85;30;9754523087;S
20240305;100236;299.86;1920;9754523134;B
20240305;100236;299.86;10;9754523135;B
20240305;100236;299.86;20;9754523136;B
20240305;100236;299.86;3000;9754523137;B
20240305;100236;299.87;50;9754523138;B
20240305;100236;299.87;100;9754523141;B
20240305;100236;299.87;1000;9754523148;B
20240305;100236;299.85;70;9754523189;S
20240305;100236;299.85;30;9754523190;S
20240305;100236;299.85;10;9754523191;S
20240305;100236;299.85;10;9754523199;S
20240305;100237;299.86;10;9754523250;B
20240305;100237;299.86;10;9754523251;B
20240305;100237;299.85;50;9754523256;S
20240305;100237;299.85;10;9754523257;S
20240305;100237;299.85;100;9754523258;S
20240305;100237;299.85;10;9754523259;S
20240305;100237;299.84;330;9754523260;S
20240305;100237;299.86;10;9754523271;B
20240305;100237;299.85;50;9754523316;S
20240305;100238;299.86;40;9754523392;B
20240305;100238;299.85;10;9754523469;S
20240305;100239;299.85;40;9754523639;S
20240305;100239;299.85;10;9754523640;S
20240305;100239;299.86;10;9754523648;B
20240305;100239;299.85;40;9754523697;S
20240305;100239;299.86;290;9754523707;B
20240305;100239;299.86;50;9754523709;B
20240305;100240;299.86;90;9754523738;B
20240305;100240;299.86;50;9754523739;B
20240305;100240;299.86;50;9754523740;B
20240305;100240;299.87;30;9754523741;B
20240305;100240;299.87;140;9754523742;B
20240305;100240;299.87;50;9754523743;B
20240305;100240;299.87;140;9754523744;B
20240305;100240;299.87;250;9754523745;B
20240305;100240;299.87;80;9754523747;B
20240305;100240;299.87;60;9754523748;B
20240305;100240;299.87;70;9754523750;B
20240305;100240;299.87;530;9754523798;B
20240305;100240;299.87;100;9754523799;B
20240305;100240;299.87;20;9754523800;B
20240305;100240;299.87;350;9754523801;B
20240305;100240;299.87;1000;9754523907;B
20240305;100240;299.87;2150;9754523916;B
20240305;100240;299.87;1000;9754523917;B
20240305;100240;299.87;1850;9754523918;B
20240305;100241;299.87;50;9754523956;B
20240305;100241;299.87;2100;9754523958;B
20240305;100241;299.87;50;9754523959;B
20240305;100241;299.87;10;9754523960;B
20240305;100241;299.87;10;9754523961;B
20240305;100241;299.87;370;9754523968;S
20240305;100241;299.88;10;9754523969;B
20240305;100241;299.87;100;9754523971;S
20240305;100241;299.87;80;9754524015;S
20240305;100241;299.85;30;9754524016;S
20240305;100241;299.85;10;9754524017;S
20240305;100241;299.84;30;9754524018;S
20240305;100241;299.84;340;9754524023;S
20240305;100241;299.84;50;9754524024;S
20240305;100241;299.83;20;9754524025;S
20240305;100241;299.82;40;9754524026;S
20240305;100241;299.82;340;9754524027;S
20240305;100241;299.82;290;9754524028;S
20240305;100241;299.82;460;9754524029;S
20240305;100241;299.82;90;9754524034;S
20240305;100241;299.87;20;9754524160;B
20240305;100241;299.85;60;9754524172;S
20240305;100243;299.82;20;9754524368;B
20240305;100243;299.81;250;9754524409;S
20240305;100243;299.81;400;9754524410;S
20240305;100243;299.81;10;9754524411;S
20240305;100243;299.8;20;9754524412;S
20240305;100243;299.8;30;9754524413;S
20240305;100243;299.82;10;9754524467;B
20240305;100243;299.8;500;9754524478;S
20240305;100244;299.82;310;9754524513;B
20240305;100244;299.82;90;9754524514;B
20240305;100244;299.81;100;9754524581;B
20240305;100244;299.82;10;9754524590;B
20240305;100245;299.8;50;9754524615;S
20240305;100245;299.82;160;9754524641;B
20240305;100245;299.8;850;9754524702;S
20240305;100245;299.81;300;9754524723;B
20240305;100245;299.81;700;9754524724;B
20240305;100245;299.8;20;9754524727;S
20240305;100245;299.82;20;9754524752;B
20240305;100245;299.82;320;9754524779;B
20240305;100245;299.82;680;9754524780;B
20240305;100246;299.81;10;9754524823;B
20240305;100246;299.81;40;9754524826;B
20240305;100246;299.8;100;9754524832;S
20240305;100246;299.81;150;9754524834;B
20240305;100246;299.81;720;9754524835;B
20240305;100246;299.81;400;9754524877;S
20240305;100246;299.82;100;9754524914;B
20240305;100246;299.8;1150;9754524915;S
20240305;100246;299.8;850;9754524916;S
20240305;100246;299.82;10;9754524917;B
20240305;100246;299.82;100;9754524952;B
20240305;100247;299.81;100;9754524974;B
20240305;100247;299.82;100;9754525002;B
20240305;100247;299.8;40;9754525008;S
20240305;100247;299.81;100;9754525028;B
20240305;100247;299.81;100;9754525064;B
20240305;100247;299.81;100;9754525114;B
20240305;100247;299.81;10;9754525117;B
20240305;100248;299.81;100;9754525138;B
20240305;100248;299.81;100;9754525163;B
20240305;100248;299.81;100;9754525183;B
20240305;100248;299.81;20;9754525191;B
20240305;100248;299.81;100;9754525210;B
20240305;100248;299.81;50;9754525216;B
20240305;100248;299.81;40;9754525227;B
20240305;100248;299.81;100;9754525243;B
20240305;100249;299.81;10;9754525255;B
20240305;100249;299.8;20;9754525264;S
20240305;100249;299.81;100;9754525265;B
20240305;100249;299.81;100;9754525289;B
20240305;100249;299.81;100;9754525306;B
20240305;100249;299.81;30;9754525323;B
20240305;100249;299.81;30;9754525344;B
20240305;100249;299.81;100;9754525345;B
20240305;100249;299.8;30;9754525357;S
20240305;100249;299.81;100;9754525363;B
20240305;100250;299.81;10;9754525377;B
20240305;100250;299.81;100;9754525386;B
20240305;100250;299.81;20;9754525415;B
20240305;100250;299.81;100;9754525423;B
20240305;100250;299.81;10;9754525431;B
20240305;100250;299.81;10;9754525446;B
20240305;100250;299.8;50;9754525451;S
20240305;100250;299.81;100;9754525469;B
20240305;100250;299.8;660;9754525484;S
20240305;100250;299.81;110;9754525542;B
20240305;100250;299.8;400;9754525543;S
20240305;100250;299.81;10;9754525546;B
20240305;100250;299.81;100;9754525587;B
20240305;100250;299.81;100;9754525607;B
20240305;100250;299.81;10;9754525624;B
20240305;100250;299.81;100;9754525629;B
20240305;100250;299.81;20;9754525633;B
20240305;100250;299.81;50;9754525634;B
20240305;100250;299.81;20;9754525635;B
20240305;100250;299.81;10;9754525636;B
20240305;100251;299.81;100;9754525672;B
20240305;100251;299.8;200;9754525673;S
20240305;100251;299.81;100;9754525696;B
20240305;100251;299.8;5180;9754525732;S
20240305;100251;299.8;7100;9754525733;S
20240305;100251;299.8;3990;9754525734;S
20240305;100251;299.8;250;9754525735;S
20240305;100251;299.8;10;9754525736;S
20240305;100251;299.8;10;9754525737;S
20240305;100251;299.8;3460;9754525738;S
20240305;100251;299.81;100;9754525745;B
20240305;100251;299.81;100;9754525764;B
20240305;100251;299.8;1310;9754525783;S
20240305;100251;299.81;100;9754525787;B
20240305;100252;299.81;50;9754525817;B
20240305;100252;299.81;50;9754525818;B
20240305;100252;299.8;40;9754525833;S
20240305;100252;299.8;3790;9754525850;S
20240305;100252;299.8;1210;9754525851;S
20240305;100252;299.8;180;9754525915;S
20240305;100252;299.8;10;9754525929;S
20240305;100252;299.81;200;9754525940;B
20240305;100253;299.81;30;9754526026;B
20240305;100253;299.81;40;9754526039;B
20240305;100253;299.81;330;9754526103;B
20240305;100253;299.81;10;9754526205;B
20240305;100254;299.81;20;9754526241;B
20240305;100254;299.81;100;9754526320;B
20240305;100254;299.8;520;9754526363;S
20240305;100254;299.81;10;9754526366;B
20240305;100254;299.81;10;9754526428;B
20240305;100255;299.81;100;9754526527;B
20240305;100255;299.81;410;9754526536;B
20240305;100255;299.81;300;9754526537;B
20240305;100255;299.81;290;9754526538;B
20240305;100255;299.82;170;9754526590;B
20240305;100255;299.81;20;9754526641;S
20240305;100256;299.81;320;9754526665;S
20240305;100256;299.81;180;9754526666;S
20240305;100256;299.81;10;9754526668;S
20240305;100256;299.81;20;9754526701;S
20240305;100256;299.82;20;9754526744;B
20240305;100256;299.81;310;9754526819;S
20240305;100256;299.81;340;9754526820;S
20240305;100256;299.8;410;9754526821;S
20240305;100256;299.8;2430;9754526822;S
20240305;100256;299.8;30;9754526827;S
20240305;100256;299.81;340;9754526831;S
20240305;100256;299.8;1540;9754526832;S
20240305;100256;299.8;10;9754526833;S
20240305;100256;299.8;110;9754526834;S
20240305;100257;299.8;130;9754526861;S
20240305;100257;299.81;100;9754526892;B
20240305;100258;299.8;110;9754527035;S
20240305;100258;299.8;10;9754527036;S
20240305;100258;299.8;180;9754527037;S
20240305;100258;299.81;50;9754527084;B
