<DATE>;<TIME>;<LAST>;<VOL>;<ID>;<OPER>
20240301;095951;292.2;10;9730663265;S
20240301;095951;292.2;10;9730663266;S
20240301;095951;292.2;10;9730663267;S
20240301;095951;292.2;10;9730663268;S
20240301;095951;292.2;10;9730663269;S
20240301;095951;292.2;10;9730663270;S
20240301;095951;292.2;40;9730663271;S
20240301;095951;292.2;10;9730663272;S
20240301;095951;292.2;10;9730663273;S
20240301;095951;292.2;100;9730663274;S
20240301;095951;292.2;20;9730663275;S
20240301;095951;292.2;10;9730663276;S
20240301;095951;292.2;20;9730663277;S
20240301;095951;292.2;40;9730663278;S
20240301;095951;292.2;10;9730663279;S
20240301;095951;292.2;40;9730663280;S
20240301;095951;292.2;10;9730663281;S
20240301;095951;292.2;10;9730663282;S
20240301;095951;292.2;10;9730663283;S
20240301;095951;292.2;40;9730663284;S
20240301;095951;292.2;10;9730663285;S
20240301;095951;292.2;40;9730663286;S
20240301;095951;292.2;60;9730663287;S
20240301;095951;292.2;40;9730663288;B
20240301;095951;292.2;20;9730663289;B
20240301;095951;292.2;40;9730663290;B
20240301;095951;292.2;100;9730663291;B
20240301;095951;292.2;10;9730663292;B
20240301;095951;292.2;10;9730663293;B
20240301;095951;292.2;10;9730663294;B
20240301;095951;292.2;20;9730663295;B
20240301;095951;292.2;20;9730663296;B
20240301;095951;292.2;10;9730663297;B
20240301;095951;292.2;10;9730663298;B
20240301;095951;292.2;10;9730663299;B
20240301;095951;292.2;50;9730663300;B
20240301;095951;292.2;10;9730663301;B
20240301;095951;292.2;1450;9730663302;B
20240301;095951;292.2;120;9730663303;B
20240301;095951;292.2;60;9730663304;B
20240301;095951;292.2;30;9730663305;B
20240301;095951;292.2;180;9730663306;B
20240301;095951;292.2;10;9730663307;B
20240301;095951;292.2;100;9730663308;B
20240301;095951;292.2;30;9730663309;B
20240301;095951;292.2;10;9730663310;B
20240301;095951;292.2;10;9730663311;B
20240301;095951;292.2;10;9730663312;B
20240301;095951;292.2;100;9730663313;B
20240301;095951;292.2;10;9730663314;B
20240301;095951;292.2;20;9730663315;B
20240301;095951;292.2;10;9730663316;B
20240301;095951;292.2;1330;9730663317;B
20240301;095951;292.2;10;9730663318;B
20240301;095951;292.2;170;9730663319;B
20240301;095951;292.2;10;9730663320;B
20240301;095951;292.2;10;9730663321;B
20240301;095951;292.2;6320;9730663322;B
20240301;095951;292.2;150;9730663323;B
20240301;095951;292.2;20;9730663324;B
20240301;095951;292.2;10;9730663325;B
20240301;095951;292.2;10;9730663326;B
20240301;095951;292.2;10;9730663327;B
20240301;095951;292.2;2240;9730663328;B
20240301;095951;292.2;10;9730663329;B
20240301;095951;292.2;50;9730663330;B
20240301;095951;292.2;10;9730663331;B
20240301;095951;292.2;10;9730663332;B
20240301;095951;292.2;20;9730663333;B
20240301;095951;292.2;10;9730663334;B
20240301;095951;292.2;10;9730663335;B
20240301;095951;292.2;50;9730663336;B
20240301;095951;292.2;20;9730663337;B
20240301;095951;292.2;50;9730663338;B
20240301;095951;292.2;10;9730663339;B
20240301;095951;292.2;70;9730663340;B
20240301;095951;292.2;30;9730663341;B
20240301;095951;292.2;10;9730663342;B
20240301;095951;292.2;40;9730663343;B
20240301;095951;292.2;20;9730663344;B
20240301;095951;292.2;450;9730663345;B
20240301;095951;292.2;40;9730663346;B
20240301;095951;292.2;100;9730663347;B
20240301;095951;292.2;10;9730663348;B
20240301;095951;292.2;10;9730663349;B
20240301;095951;292.2;10;9730663350;B
20240301;095951;292.2;40;9730663351;B
20240301;095951;292.2;10;9730663352;B
20240301;095951;292.2;100;9730663353;B
20240301;095951;292.2;10;9730663354;B
20240301;095951;292.2;10;9730663355;B
20240301;095951;292.2;10;9730663356;S
20240301;095951;292.2;10;9730663357;S
20240301;095951;292.2;10;9730663358;S
20240301;095951;292.2;30;9730663359;S
20240301;095951;292.2;50;9730663360;S
20240301;095951;292.2;10;9730663361;S
20240301;095951;292.2;20;9730663362;S
20240301;095951;292.2;10;9730663363;B
20240301;095951;292.2;10;9730663364;B
20240301;095951;292.2;40;9730663365;B
20240301;095951;292.2;10;9730663366;B
20240301;095951;292.2;7660;9730663367;B
20240301;095951;292.2;20;9730663368;B
20240301;095951;292.2;20;9730663369;B
20240301;095951;292.2;1500;9730663370;B
20240301;095951;292.2;10;9730663371;B
20240301;095951;292.2;500;9730663372;B
20240301;095951;292.2;240;9730663373;B
20240301;095951;292.2;10;9730663374;B
20240301;095951;292.2;40;9730663375;B
20240301;095951;292.2;70;9730663376;B
20240301;095951;292.2;10;9730663377;B
20240301;095951;292.2;100;9730663378;B
20240301;095951;292.2;10;9730663379;B
20240301;095951;292.2;180;9730663380;S
20240301;095951;292.2;1000;9730663381;S
20240301;095951;292.2;10;9730663382;S
20240301;095951;292.2;1000;9730663383;S
20240301;095951;292.2;20;9730663384;S
20240301;095951;292.2;1370;9730663385;S
20240301;095951;292.2;20;9730663386;S
20240301;095951;292.2;130;9730663387;S
20240301;095951;292.2;40;9730663388;S
20240301;095951;292.2;100;9730663389;B
20240301;095951;292.2;360;9730663390;S
20240301;095951;292.2;300;9730663391;B
20240301;095951;292.2;400;9730663392;S
20240301;095951;292.2;210;9730663393;S
20240301;095951;292.2;100;9730663394;B
20240301;095951;292.2;2000;9730663395;B
20240301;095951;292.2;140;9730663396;B
20240301;095951;292.2;50;9730663397;B
20240301;095951;292.2;1000;9730663398;S
20240301;095951;292.2;890;9730663399;S
20240301;095951;292.2;320;9730663400;B
20240301;095951;292.2;360;9730663401;B
20240301;095951;292.2;200;9730663402;S
20240301;095951;292.2;500;9730663403;S
20240301;095951;292.2;200;9730663404;S
20240301;095951;292.2;10;9730663405;B
20240301;095951;292.2;10;9730663406;B
20240301;095951;292.2;2380;9730663407;S
20240301;095951;292.2;350;9730663408;S
20240301;095951;292.2;30;9730663409;S
20240301;095951;292.2;10;9730663410;S
20240301;095951;292.2;30;9730663411;S
20240301;095951;292.2;260;9730663412;S
20240301;095951;292.2;10000;9730663413;S
20240301;095951;292.2;6000;9730663414;B
20240301;095951;292.2;13650;9730663415;B
20240301;095951;292.2;200;9730663416;S
20240301;095951;292.2;1000;9730663417;S
20240301;095951;292.2;1000;9730663418;S
20240301;095951;292.2;50;9730663419;S
20240301;095951;292.2;230;9730663420;S
20240301;095951;292.2;7760;9730663421;S
20240301;100000;292.21;20;9730665158;B
20240301;100000;292.22;30;9730665167;B
20240301;100000;292.25;40;9730665219;B
20240301;100000;292.41;10;9730665521;B
20240301;100000;292.39;200;9730665558;S
20240301;100000;292.39;100;9730665559;S
20240301;100000;292.4;100;9730665569;S
20240301;100000;292.41;20;9730665738;B
20240301;100000;292.4;200;9730665776;S
20240301;100000;292.41;20;9730665808;B
20240301;100000;292.45;200;9730665984;B
20240301;100000;292.5;150;9730666108;B
20240301;100000;292.5;100;9730666109;B
20240301;100000;292.49;500;9730666111;S
20240301;100000;292.5;470;9730666112;B
20240301;100000;292.5;10;9730666113;B
20240301;100000;292.5;20;9730666114;S
20240301;100000;292.5;400;9730666115;S
20240301;100000;292.5;80;9730666116;S
20240301;100000;292.56;1020;9730666150;B
20240301;100000;292.56;10;9730666151;B
20240301;100000;292.55;500;9730666152;S
20240301;100000;292.55;300;9730666153;S
20240301;100000;292.55;500;9730666166;B
20240301;100000;292.54;400;9730666169;S
20240301;100000;292.55;50;9730666170;B
20240301;100000;292.56;150;9730666171;B
20240301;100000;292.57;400;9730666225;B
20240301;100001;292.6;50;9730666308;B
20240301;100001;292.6;30;9730666314;B
20240301;100001;292.59;1000;9730666531;S
20240301;100001;292.58;1000;9730666532;S
20240301;100001;292.57;520;9730666544;S
20240301;100001;292.57;480;9730666547;S
20240301;100001;292.56;100;9730666548;S
20240301;100001;292.56;780;9730666549;S
20240301;100001;292.57;10;9730666616;B
20240301;100001;292.57;50;9730666876;B
20240301;100001;292.57;400;9730667002;S
20240301;100002;292.6;60;9730667106;B
20240301;100002;292.59;400;9730667237;S
20240301;100002;292.58;350;9730667345;B
20240301;100002;292.58;500;9730667415;S
20240301;100002;292.6;110;9730667678;B
20240301;100002;292.6;10;9730667679;B
20240301;100002;292.6;300;9730667680;B
20240301;100002;292.61;10;9730667681;B
20240301;100002;292.63;570;9730667682;B
20240301;100002;292.61;4550;9730667754;B
20240301;100002;292.61;1020;9730667954;B
20240301;100002;292.63;400;9730667955;B
20240301;100002;292.64;10;9730667956;B
20240301;100002;292.64;1030;9730667957;B
20240301;100002;292.64;350;9730667958;B
20240301;100002;292.65;580;9730667959;B
20240301;100002;292.66;580;9730667960;B
20240301;100002;292.67;580;9730667961;B
20240301;100002;292.67;350;9730667962;B
20240301;100002;292.68;100;9730667963;B
20240301;100002;292.65;10;9730667976;B
20240301;100002;292.64;200;9730667984;B
20240301;100003;292.6;400;9730668074;S
20240301;100003;292.59;10;9730668075;S
20240301;100003;292.59;90;9730668076;S
20240301;100003;292.6;10;9730668452;S
20240301;100003;292.66;200;9730668466;B
20240301;100003;292.66;10;9730668597;B
20240301;100003;292.61;470;9730668755;S
20240301;100003;292.61;30;9730668756;S
20240301;100003;292.6;10;9730668800;S
20240301;100004;292.6;10;9730668931;S
20240301;100004;292.6;500;9730669065;S
20240301;100004;292.64;30;9730669273;B
20240301;100005;292.61;100;9730669552;S
20240301;100005;292.61;400;9730669553;S
20240301;100005;292.61;180;9730669556;S
20240301;100005;292.61;10;9730669557;S
20240301;100005;292.6;60;9730669558;S
20240301;100005;292.59;10;9730669572;S
20240301;100005;292.59;580;9730669573;S
20240301;100005;292.57;10;9730669574;S
20240301;100005;292.56;10;9730669893;S
20240301;100005;292.57;580;9730669921;B
20240301;100005;292.58;350;9730669923;B
20240301;100005;292.6;350;9730670035;B
20240301;100005;292.61;500;9730670036;B
20240301;100005;292.61;150;9730670037;B
20240301;100005;292.6;330;9730670041;B
20240301;100005;292.57;10;9730670178;S
20240301;100006;292.61;10;9730670287;B
20240301;100006;292.61;30;9730670288;B
20240301;100006;292.61;10;9730670289;B
20240301;100006;292.57;100;9730670466;S
20240301;100006;292.57;110;9730670602;S
20240301;100006;292.57;40;9730670612;S
20240301;100006;292.57;320;9730670662;S
20240301;100006;292.57;400;9730670663;S
20240301;100006;292.56;110;9730670664;S
20240301;100006;292.56;580;9730670665;S
20240301;100006;292.55;1000;9730670666;S
20240301;100006;292.55;100;9730670667;S
20240301;100006;292.55;100;9730670668;S
20240301;100006;292.55;200;9730670669;S
20240301;100006;292.55;100;9730670670;S
20240301;100006;292.55;100;9730670671;S
20240301;100006;292.55;580;9730670672;S
20240301;100006;292.54;580;9730670673;S
20240301;100006;292.53;580;9730670674;S
20240301;100006;292.52;580;9730670675;S
20240301;100006;292.51;580;9730670676;S
20240301;100006;292.5;10;9730670677;S
20240301;100006;292.5;580;9730670678;S
20240301;100006;292.49;580;9730670679;S
20240301;100006;292.48;580;9730670680;S
20240301;100006;292.41;800;9730670681;S
20240301;100006;292.41;1020;9730670682;S
20240301;100006;292.4;10000;9730670683;S
20240301;100006;292.4;2000;9730670684;S
20240301;100006;292.33;2000;9730670685;S
20240301;100006;292.23;1550;9730670686;S
20240301;100006;292.23;350;9730670687;S
20240301;100006;292.23;350;9730670688;S
20240301;100006;292.22;1200;9730670689;S
20240301;100006;292.22;2500;9730670690;S
20240301;100006;292.21;570;9730670691;S
20240301;100006;292.6;10;9730670700;B
20240301;100006;292.6;10;9730670702;B
20240301;100006;292.43;200;9730670812;B
20240301;100006;292.43;10;9730670979;B
20240301;100006;292.34;110;9730671177;S
20240301;100006;292.47;100;9730671179;B
20240301;100006;292.47;10;9730671181;B
20240301;100006;292.34;10;9730671182;S
20240301;100006;292.34;20;9730671183;S
20240301;100006;292.47;10;9730671186;B
20240301;100006;292.47;270;9730671189;B
20240301;100006;292.46;40;9730671193;B
20240301;100006;292.46;10;9730671196;B
20240301;100006;292.44;250;9730671298;B
20240301;100006;292.45;10;9730671446;B
20240301;100006;292.34;20;9730671447;S
20240301;100006;292.34;20;9730671590;S
20240301;100007;292.34;220;9730671806;S
20240301;100007;292.34;280;9730671807;S
20240301;100007;292.42;20;9730671809;B
20240301;100007;292.38;10;9730671968;B
20240301;100007;292.38;1020;9730671971;B
20240301;100007;292.34;10;9730671972;S
20240301;100007;292.41;10;9730672176;S
20240301;100007;292.41;90;9730672199;S
20240301;100007;292.41;410;9730672200;S
20240301;100007;292.4;350;9730672213;B
20240301;100007;292.4;150;9730672412;S
20240301;100007;292.36;80;9730672567;S
20240301;100007;292.36;80;9730672568;S
20240301;100007;292.41;10;9730672570;B
20240301;100007;292.41;390;9730672636;B
20240301;100007;292.44;50;9730672639;B
20240301;100007;292.45;350;9730672641;B
20240301;100007;292.5;60;9730672643;B
20240301;100007;292.48;10;9730672659;B
20240301;100007;292.48;10;9730672669;B
20240301;100008;292.47;130;9730672706;B
20240301;100008;292.41;10;9730672884;S
20240301;100008;292.41;100;9730672913;S
20240301;100008;292.44;120;9730672986;S
20240301;100008;292.43;380;9730672987;S
20240301;100008;292.46;10;9730673082;S
20240301;100008;292.46;10;9730673096;S
20240301;100008;292.41;20;9730673181;S
20240301;100008;292.48;10;9730673182;B
20240301;100008;292.48;350;9730673274;S
20240301;100008;292.45;30;9730673481;S
20240301;100008;292.48;10;9730673483;B
20240301;100008;292.48;10;9730673485;B
20240301;100008;292.48;30;9730673495;B
20240301;100008;292.49;140;9730673496;B
20240301;100008;292.49;10;9730673498;B
20240301;100008;292.47;40;9730673679;B
20240301;100009;292.47;360;9730673725;B
20240301;100009;292.47;140;9730673726;B
20240301;100009;292.48;10;9730673875;B
20240301;100009;292.41;30;9730673876;S
20240301;100009;292.48;10;9730673877;B
20240301;100009;292.46;80;9730673919;S
20240301;100009;292.43;10;9730673984;S
20240301;100009;292.47;10;9730673993;B
20240301;100009;292.44;70;9730674064;B
20240301;100009;292.39;40;9730674175;S
20240301;100009;292.44;80;9730674176;B
20240301;100010;292.44;10;9730674282;B
20240301;100010;292.36;580;9730674307;S
20240301;100010;292.36;400;9730674308;S
20240301;100010;292.36;2000;9730674309;S
20240301;100010;292.35;520;9730674310;S
20240301;100010;292.4;400;9730674350;S
20240301;100010;292.4;120;9730674351;S
20240301;100010;292.43;10;9730674353;B
20240301;100010;292.43;20;9730674358;B
20240301;100010;292.42;90;9730674382;B
20240301;100010;292.43;1030;9730674383;B
20240301;100010;292.44;490;9730674384;B
20240301;100010;292.45;400;9730674385;B
20240301;100010;292.46;500;9730674386;B
20240301;100010;292.49;350;9730674387;B
20240301;100010;292.49;50;9730674388;B
20240301;100010;292.5;350;9730674389;B
20240301;100010;292.51;3750;9730674390;B
20240301;100010;292.37;220;9730674391;S
20240301;100010;292.49;10;9730674473;B
20240301;100010;292.49;50;9730674524;B
20240301;100010;292.49;10;9730674596;B
20240301;100010;292.49;60;9730674639;B
20240301;100010;292.48;350;9730674672;B
20240301;100010;292.49;130;9730674673;B
20240301;100010;292.47;580;9730674700;S
20240301;100010;292.47;60;9730674745;B
20240301;100010;292.47;130;9730674747;B
20240301;100010;292.48;20;9730674765;B
20240301;100011;292.47;500;9730674855;S
20240301;100011;292.47;80;9730674885;S
20240301;100011;292.46;10;9730674886;S
20240301;100011;292.46;410;9730674887;S
20240301;100011;292.44;530;9730674940;S
20240301;100011;292.44;580;9730674942;B
20240301;100011;292.45;100;9730674957;S
20240301;100011;292.43;580;9730674972;B
20240301;100012;292.43;10;9730675281;S
20240301;100012;292.43;490;9730675282;S
20240301;100012;292.41;10;9730675395;S
20240301;100013;292.4;10;9730675510;S
20240301;100013;292.42;10;9730675516;B
20240301;100013;292.41;10;9730675564;S
20240301;100013;292.4;350;9730675697;B
20240301;100013;292.41;500;9730675702;B
20240301;100013;292.41;10;9730675726;S
20240301;100013;292.41;10;9730675806;S
20240301;100013;292.41;230;9730675811;S
20240301;100013;292.42;20;9730675818;B
20240301;100014;292.41;10;9730675832;S
20240301;100014;292.41;10;9730675983;S
20240301;100014;292.41;500;9730676006;S
20240301;100014;292.42;470;9730676041;B
20240301;100014;292.42;10;9730676042;B
20240301;100014;292.42;520;9730676043;B
20240301;100015;292.42;100;9730676113;S
20240301;100015;292.42;480;9730676157;S
20240301;100015;292.41;20;9730676158;S
20240301;100015;292.42;10;9730676173;S
20240301;100015;292.42;10;9730676225;S
20240301;100015;292.42;560;9730676239;S
20240301;100015;292.42;100;9730676240;S
20240301;100015;292.41;50;9730676241;S
20240301;100015;292.41;10;9730676242;S
20240301;100015;292.41;10;9730676243;S
20240301;100015;292.41;200;9730676244;S
20240301;100015;292.4;580;9730676245;S
20240301;100015;292.39;580;9730676246;S
20240301;100015;292.38;580;9730676247;S
20240301;100015;292.37;580;9730676248;S
20240301;100015;292.36;580;9730676249;S
20240301;100015;292.36;170;9730676250;S
20240301;100015;292.36;500;9730676252;B
20240301;100015;292.37;500;9730676254;B
20240301;100015;292.35;10;9730676282;S
20240301;100015;292.35;10;9730676330;S
20240301;100015;292.38;70;9730676359;B
20240301;100016;292.38;100;9730676473;S
20240301;100016;292.38;10;9730676521;S
20240301;100016;292.38;10;9730676600;S
20240301;100016;292.38;460;9730676655;S
20240301;100016;292.38;40;9730676656;S
20240301;100016;292.38;10;9730676685;S
20240301;100017;292.38;350;9730676749;S
20240301;100017;292.38;30;9730676750;S
20240301;100017;292.38;10;9730676833;S
20240301;100017;292.39;500;9730676842;B
20240301;100017;292.42;10;9730676898;B
20240301;100017;292.38;10;9730676956;S
20240301;100017;292.35;10;9730677011;S
20240301;100017;292.38;300;9730677012;B
20240301;100017;292.42;490;9730677015;B
20240301;100017;292.42;10;9730677016;B
20240301;100018;292.37;500;9730677064;S
20240301;100018;292.37;10;9730677085;S
20240301;100018;292.36;10;9730677163;S
20240301;100018;292.38;500;9730677169;B
20240301;100018;292.39;400;9730677170;B
20240301;100018;292.39;100;9730677171;B
20240301;100018;292.39;10;9730677265;S
20240301;100018;292.39;10;9730677356;S
20240301;100019;292.39;10;9730677377;S
20240301;100019;292.39;320;9730677380;S
20240301;100019;292.39;180;9730677381;S
20240301;100019;292.39;10;9730677455;S
20240301;100019;292.39;10;9730677516;S
20240301;100019;292.39;330;9730677518;S
20240301;100019;292.39;170;9730677519;S
20240301;100019;292.4;20;9730677522;B
20240301;100020;292.39;10;9730677594;S
20240301;100020;292.4;10;9730677595;B
20240301;100020;292.39;400;9730677657;S
20240301;100020;292.39;100;9730677658;S
20240301;100020;292.4;10;9730677663;B
20240301;100020;292.39;10;9730677666;S
20240301;100020;292.39;10;9730677756;S
20240301;100020;292.4;10;9730677769;B
20240301;100020;292.39;10;9730677909;S
20240301;100020;292.4;90;9730677930;B
20240301;100021;292.4;10;9730677988;B
20240301;100021;292.39;200;9730678046;S
20240301;100021;292.4;250;9730678053;B
20240301;100021;292.4;150;9730678054;B
20240301;100021;292.4;100;9730678064;B
20240301;100021;292.39;10;9730678078;S
20240301;100021;292.39;490;9730678079;S
20240301;100021;292.4;100;9730678084;B
20240301;100021;292.43;10;9730678158;S
20240301;100021;292.43;10;9730678161;S
20240301;100021;292.43;190;9730678229;S
20240301;100021;292.43;10;9730678270;S
20240301;100022;292.44;400;9730678331;B
20240301;100022;292.44;10;9730678332;B
20240301;100022;292.44;1240;9730678333;B
20240301;100022;292.45;10;9730678433;S
20240301;100022;292.45;500;9730678466;S
20240301;100022;292.45;10;9730678494;S
20240301;100022;292.45;60;9730678514;S
20240301;100022;292.45;400;9730678515;S
20240301;100022;292.45;40;9730678516;S
20240301;100023;292.45;250;9730678727;S
20240301;100023;292.45;100;9730678728;S
20240301;100023;292.45;10;9730678729;S
20240301;100023;292.45;140;9730678730;S
20240301;100024;292.45;440;9730678905;S
20240301;100024;292.45;10;9730678906;S
20240301;100024;292.45;10;9730678907;S
20240301;100024;292.45;10;9730678908;S
20240301;100024;292.44;30;9730678909;S
20240301;100024;292.45;10;9730679074;S
20240301;100024;292.45;90;9730679075;S
20240301;100024;292.44;160;9730679135;S
20240301;100024;292.44;20;9730679143;S
20240301;100025;292.44;370;9730679423;S
20240301;100025;292.44;1880;9730679424;S
20240301;100026;292.44;500;9730679586;S
20240301;100026;292.45;20;9730679600;B
20240301;100026;292.45;10;9730679703;B
20240301;100027;292.44;20;9730679788;S
20240301;100027;292.45;150;9730679988;B
20240301;100027;292.44;60;9730679993;S
20240301;100027;292.43;440;9730679994;S
20240301;100027;292.44;580;9730679995;S
20240301;100028;292.43;60;9730680232;S
20240301;100028;292.44;100;9730680274;B
20240301;100029;292.43;80;9730680341;S
20240301;100029;292.43;10;9730680342;S
20240301;100029;292.42;410;9730680343;S
20240301;100029;292.44;10;9730680461;B
20240301;100030;292.43;30;9730680694;B
20240301;100030;292.43;20;9730680695;B
20240301;100030;292.42;170;9730680756;S
20240301;100030;292.41;330;9730680757;S
20240301;100031;292.43;10;9730680977;B
20240301;100032;292.43;10;9730681027;B
20240301;100032;292.42;500;9730681040;S
20240301;100032;292.44;30;9730681090;B
20240301;100032;292.44;260;9730681122;B
20240301;100032;292.44;20;9730681123;B
20240301;100032;292.44;1500;9730681124;B
20240301;100032;292.45;20;9730681125;B
20240301;100032;292.45;400;9730681126;B
20240301;100032;292.46;10;9730681127;B
20240301;100032;292.46;50;9730681128;B
20240301;100032;292.46;50;9730681129;B
20240301;100032;292.47;50;9730681130;B
20240301;100032;292.48;10;9730681131;B
20240301;100032;292.48;50;9730681132;B
20240301;100032;292.49;350;9730681133;B
20240301;100032;292.5;10;9730681134;B
20240301;100032;292.5;220;9730681135;B
20240301;100033;292.5;1030;9730681198;B
20240301;100033;292.51;400;9730681216;S
20240301;100035;292.48;10;9730681743;S
20240301;100035;292.49;140;9730681770;B
20240301;100035;292.49;360;9730681806;B
20240301;100035;292.52;10;9730681807;B
20240301;100035;292.52;10;9730681808;B
20240301;100035;292.54;10;9730681809;B
20240301;100035;292.55;350;9730681810;B
20240301;100035;292.55;260;9730681811;B
20240301;100036;292.49;10;9730681965;S
20240301;100036;292.49;100;9730681987;S
20240301;100036;292.51;20;9730682028;B
20240301;100036;292.51;20;9730682029;B
20240301;100036;292.51;160;9730682106;B
20240301;100036;292.51;350;9730682107;B
20240301;100036;292.51;1030;9730682108;B
20240301;100036;292.51;400;9730682109;B
20240301;100036;292.52;1000;9730682110;B
20240301;100036;292.51;580;9730682111;B
20240301;100037;292.52;120;9730682169;B
20240301;100037;292.52;10;9730682171;B
20240301;100037;292.52;20;9730682181;B
20240301;100037;292.52;400;9730682188;B
20240301;100037;292.52;580;9730682189;B
20240301;100037;292.52;10;9730682193;B
20240301;100037;292.51;500;9730682207;S
20240301;100037;292.51;420;9730682381;S
20240301;100037;292.52;1650;9730682382;B
20240301;100037;292.51;340;9730682389;S
20240301;100038;292.51;10;9730682548;S
20240301;100039;292.5;80;9730682603;B
20240301;100039;292.45;10;9730682671;S
20240301;100040;292.47;40;9730682911;B
20240301;100040;292.47;10;9730682918;B
20240301;100040;292.48;100;9730682919;B
20240301;100040;292.48;300;9730682926;B
20240301;100040;292.49;210;9730682927;B
20240301;100040;292.48;100;9730682933;B
20240301;100042;292.46;10;9730683266;B
20240301;100042;292.46;30;9730683267;B
20240301;100042;292.44;40;9730683387;S
20240301;100042;292.42;140;9730683388;S
20240301;100043;292.44;100;9730683711;B
20240301;100045;292.45;10;9730684265;B
20240301;100046;292.44;380;9730684360;B
20240301;100046;292.44;50;9730684469;B
20240301;100047;292.44;10;9730684639;B
20240301;100048;292.43;10;9730684872;S
20240301;100048;292.44;10;9730684950;B
20240301;100048;292.43;10;9730684968;S
20240301;100049;292.44;380;9730685114;B
20240301;100049;292.44;1620;9730685115;B
20240301;100050;292.44;10;9730685196;B
20240301;100051;292.44;250;9730685429;B
20240301;100051;292.43;10;9730685451;S
20240301;100051;292.43;10;9730685492;S
20240301;100051;292.43;10;9730685494;S
20240301;100051;292.43;10;9730685508;S
20240301;100052;292.43;10;9730685551;S
20240301;100052;292.43;10;9730685627;S
20240301;100052;292.44;40;9730685674;B
20240301;100053;292.43;190;9730685875;S
20240301;100053;292.43;10;9730685933;S
20240301;100053;292.43;10;9730685965;S
20240301;100054;292.44;50;9730686085;B
20240301;100055;292.44;1450;9730686211;B
20240301;100055;292.44;500;9730686212;B
20240301;100055;292.44;580;9730686213;B
20240301;100055;292.44;1000;9730686214;B
20240301;100055;292.44;800;9730686215;B
20240301;100055;292.44;100;9730686216;B
20240301;100055;292.44;100;9730686217;B
20240301;100055;292.44;100;9730686218;B
20240301;100055;292.46;10;9730686259;B
20240301;100056;292.46;50;9730686526;B
20240301;100057;292.46;520;9730686796;B
20240301;100057;292.46;230;9730686797;B
20240301;100058;292.45;10;9730686968;B
20240301;100058;292.45;190;9730687074;B
20240301;100058;292.45;580;9730687075;B
20240301;100058;292.45;1500;9730687076;B
20240301;100058;292.45;100;9730687077;B
20240301;100058;292.45;400;9730687078;B
20240301;100058;292.45;300;9730687079;B
20240301;100058;292.46;580;9730687080;B
20240301;100058;292.46;300;9730687081;B
20240301;100058;292.46;400;9730687082;B
20240301;100058;292.46;200;9730687083;B
20240301;100058;292.46;100;9730687084;B
20240301;100058;292.46;200;9730687085;B
20240301;100058;292.47;50;9730687086;B
20240301;100058;292.47;580;9730687087;B
20240301;100058;292.48;580;9730687088;B
20240301;100058;292.49;580;9730687089;B
20240301;100058;292.5;2460;9730687090;B
20240301;100058;292.5;580;9730687091;B
20240301;100058;292.51;320;9730687092;B
20240301;100058;292.5;10;9730687101;B
20240301;100059;292.5;10;9730687216;B
20240301;100059;292.5;60;9730687255;B
20240301;100059;292.45;150;9730687329;S
20240301;100059;292.5;10;9730687336;B
20240301;100100;292.45;10;9730687374;S
20240301;100100;292.48;10;9730687418;B
20240301;100100;292.48;60;9730687420;B
20240301;100101;292.47;10;9730687690;B
20240301;100101;292.47;40;9730687817;B
20240301;100103;292.44;370;9730688161;S
20240301;100103;292.44;10;9730688162;S
20240301;100103;292.44;1300;9730688163;S
20240301;100104;292.43;10;9730688372;S
20240301;100104;292.43;400;9730688373;S
20240301;100104;292.43;750;9730688374;S
20240301;100104;292.43;10;9730688421;B
20240301;100105;292.43;50;9730688667;B
20240301;100106;292.42;50;9730688745;S
20240301;100106;292.42;100;9730688746;S
20240301;100106;292.42;10;9730688747;S
20240301;100106;292.41;10;9730688748;S
20240301;100106;292.41;10;9730688749;S
20240301;100106;292.4;10;9730688750;S
20240301;100106;292.4;40;9730688751;S
20240301;100106;292.4;300;9730688752;S
20240301;100106;292.4;2320;9730688753;S
20240301;100106;292.41;400;9730688756;B
20240301;100106;292.41;600;9730688757;B
20240301;100106;292.4;20;9730688764;S
20240301;100107;292.4;10;9730688815;S
20240301;100107;292.4;10;9730688845;S
20240301;100107;292.4;30;9730688873;S
20240301;100107;292.4;20;9730688893;S
20240301;100107;292.4;120;9730688912;S
20240301;100108;292.4;10;9730689045;S
20240301;100109;292.41;20;9730689129;B
20240301;100109;292.4;140;9730689130;S
20240301;100109;292.4;120;9730689157;S
20240301;100109;292.4;500;9730689203;S
20240301;100110;292.41;1000;9730689222;B
20240301;100110;292.4;100;9730689223;S
20240301;100110;292.4;50;9730689235;S
20240301;100110;292.4;120;9730689246;S
20240301;100110;292.4;30;9730689289;S
20240301;100110;292.4;10;9730689293;S
20240301;100110;292.4;240;9730689299;S
20240301;100110;292.4;10;9730689344;S
20240301;100110;292.4;10;9730689384;S
20240301;100111;292.4;10;9730689401;S
20240301;100112;292.41;70;9730689596;B
20240301;100112;292.4;1050;9730689728;S
20240301;100114;292.41;350;9730690049;B
20240301;100115;292.41;160;9730690220;B
20240301;100115;292.41;40;9730690221;B
20240301;100117;292.41;10;9730690584;B
20240301;100120;292.41;20;9730691253;B
20240301;100123;292.42;70;9730691873;B
20240301;100123;292.42;10;9730691936;B
20240301;100124;292.42;70;9730692108;B
20240301;100124;292.42;140;9730692126;B
20240301;100124;292.41;70;9730692186;S
20240301;100125;292.41;10;9730692245;S
20240301;100126;292.42;50;9730692479;B
20240301;100126;292.42;40;9730692480;B
20240301;100126;292.42;190;9730692506;B
20240301;100126;292.42;30;9730692507;B
20240301;100126;292.41;20;9730692508;S
20240301;100126;292.43;900;9730692509;B
20240301;100126;292.43;100;9730692510;B
20240301;100126;292.43;1000;9730692511;B
20240301;100126;292.49;100;9730692533;B
20240301;100126;292.47;150;9730692581;S
20240301;100126;292.47;400;9730692582;S
20240301;100126;292.43;1450;9730692583;S
20240301;100127;292.5;10;9730692869;B
20240301;100129;292.49;20;9730693074;B
20240301;100132;292.48;10;9730693718;B
20240301;100132;292.48;1490;9730693723;B
20240301;100132;292.48;1020;9730693724;B
20240301;100132;292.48;100;9730693725;B
20240301;100132;292.49;400;9730693726;B
20240301;100132;292.5;10;9730693728;B
20240301;100132;292.49;1180;9730693764;S
20240301;100133;292.5;90;9730693788;B
20240301;100133;292.5;30;9730693924;B
20240301;100134;292.5;20;9730694042;B
20240301;100134;292.5;10;9730694074;B
20240301;100135;292.5;20;9730694222;B
20240301;100137;292.5;10;9730694669;B
20240301;100138;292.5;150;9730694759;B
20240301;100139;292.5;30;9730694861;B
20240301;100139;292.5;130;9730695068;B
20240301;100139;292.5;150;9730695069;B
20240301;100139;292.5;1500;9730695070;B
20240301;100139;292.51;170;9730695071;B
20240301;100139;292.51;100;9730695072;B
20240301;100139;292.52;50;9730695073;B
20240301;100139;292.52;50;9730695074;B
20240301;100139;292.53;580;9730695075;B
20240301;100139;292.53;400;9730695076;B
20240301;100139;292.54;580;9730695077;B
20240301;100139;292.55;240;9730695078;B
20240301;100139;292.55;580;9730695079;B
20240301;100139;292.56;10;9730695080;B
20240301;100139;292.56;10;9730695081;B
20240301;100139;292.56;580;9730695082;B
20240301;100139;292.57;500;9730695083;B
20240301;100139;292.57;580;9730695084;B
20240301;100139;292.57;910;9730695085;B
20240301;100140;292.54;50;9730695093;S
20240301;100140;292.57;110;9730695221;B
20240301;100141;292.58;10;9730695353;B
20240301;100141;292.58;10;9730695354;B
20240301;100141;292.59;400;9730695364;S
20240301;100141;292.59;600;9730695365;S
20240301;100141;292.59;500;9730695431;S
20240301;100143;292.6;100;9730695668;B
20240301;100143;292.6;100;9730695669;B
20240301;100143;292.6;10;9730695670;B
20240301;100143;292.61;400;9730695671;S
20240301;100143;292.6;100;9730695672;S
20240301;100143;292.62;500;9730695749;B
20240301;100143;292.62;10;9730695750;B
20240301;100143;292.68;1490;9730695751;B
20240301;100144;292.68;100;9730695861;B
20240301;100144;292.66;10;9730695950;B
20240301;100144;292.67;10;9730695951;B
20240301;100144;292.68;80;9730695952;B
20240301;100144;292.65;10;9730695966;B
20240301;100144;292.66;20;9730695978;S
20240301;100144;292.65;90;9730695979;S
20240301;100144;292.65;390;9730695980;S
20240301;100145;292.67;10;9730696044;B
20240301;100145;292.68;720;9730696045;B
20240301;100145;292.68;50;9730696046;B
20240301;100145;292.69;10;9730696047;B
20240301;100145;292.7;250;9730696048;B
20240301;100145;292.7;140;9730696049;B
20240301;100146;292.65;350;9730696260;S
20240301;100146;292.65;150;9730696261;S
20240301;100146;292.67;10;9730696270;B
20240301;100147;292.65;500;9730696500;S
20240301;100149;292.65;300;9730696735;S
20240301;100149;292.65;200;9730696736;S
20240301;100150;292.66;10;9730696917;B
20240301;100150;292.66;10;9730696918;B
20240301;100150;292.68;10;9730696919;B
20240301;100150;292.69;20;9730696920;B
20240301;100150;292.66;10;9730697069;B
20240301;100150;292.66;120;9730697070;B
20240301;100152;292.66;20;9730697407;B
20240301;100152;292.65;50;9730697471;S
20240301;100152;292.63;150;9730697472;S
20240301;100153;292.66;400;9730697633;B
20240301;100153;292.67;40;9730697634;B
20240301;100154;292.65;30;9730697785;S
20240301;100154;292.63;470;9730697786;S
20240301;100154;292.65;2000;9730697905;B
20240301;100157;292.65;50;9730698313;B
20240301;100157;292.65;450;9730698314;B
20240301;100157;292.65;30;9730698348;B
20240301;100159;292.65;10;9730698600;B
20240301;100202;292.64;10;9730699155;S
20240301;100204;292.65;1000;9730699745;B
20240301;100205;292.65;50;9730699829;B
20240301;100206;292.65;550;9730700055;B
20240301;100207;292.65;1000;9730700134;B
20240301;100207;292.64;30;9730700153;S
20240301;100208;292.64;10;9730700394;S
20240301;100209;292.65;10;9730700525;B
20240301;100209;292.65;850;9730700529;B
20240301;100209;292.69;10;9730700530;B
20240301;100209;292.7;320;9730700531;B
20240301;100209;292.68;140;9730700663;S
20240301;100209;292.7;2000;9730700732;B
20240301;100211;292.7;100;9730701099;B
20240301;100211;292.7;10;9730701127;B
20240301;100217;292.7;10;9730702135;B
20240301;100217;292.69;10;9730702163;S
20240301;100218;292.69;20;9730702199;B
20240301;100220;292.69;30;9730702706;B
20240301;100222;292.69;10;9730703100;B
20240301;100222;292.69;10;9730703143;B
20240301;100223;292.69;30;9730703211;B
20240301;100223;292.69;70;9730703261;B
20240301;100224;292.69;10;9730703387;B
20240301;100224;292.69;170;9730703388;B
20240301;100224;292.68;10;9730703465;S
20240301;100224;292.68;10;9730703466;S
20240301;100224;292.68;10;9730703467;S
20240301;100224;292.67;10;9730703468;S
20240301;100224;292.67;20;9730703469;S
20240301;100224;292.66;100;9730703470;S
20240301;100224;292.66;1030;9730703471;S
20240301;100224;292.66;350;9730703472;S
20240301;100224;292.66;350;9730703473;S
20240301;100224;292.65;110;9730703474;S
20240301;100225;292.67;200;9730703543;B
20240301;100228;292.66;10;9730704116;B
20240301;100228;292.66;190;9730704117;B
20240301;100230;292.66;10;9730704684;B
20240301;100230;292.66;10;9730704689;B
20240301;100231;292.65;10;9730704762;S
20240301;100231;292.65;330;9730704824;S
20240301;100232;292.66;30;9730704963;B
20240301;100232;292.66;50;9730704964;B
20240301;100232;292.66;920;9730704965;B
20240301;100232;292.66;10;9730705036;B
20240301;100234;292.66;10;9730705338;B
20240301;100234;292.66;10;9730705419;B
20240301;100234;292.68;10;9730705420;B
20240301;100234;292.68;20;9730705421;B
20240301;100234;292.69;30;9730705422;B
20240301;100234;292.69;930;9730705423;B
20240301;100235;292.67;50;9730705472;S
20240301;100235;292.69;40;9730705581;B
20240301;100235;292.67;80;9730705692;S
20240301;100235;292.68;50;9730705697;B
20240301;100235;292.68;950;9730705698;B
20240301;100237;292.69;10;9730706092;B
20240301;100237;292.69;10;9730706094;B
20240301;100237;292.69;100;9730706197;B
20240301;100237;292.69;10;9730706210;B
20240301;100238;292.69;10;9730706323;B
20240301;100239;292.69;150;9730706518;B
20240301;100240;292.68;20;9730706673;S
20240301;100241;292.69;50;9730706773;B
20240301;100242;292.69;40;9730707047;B
20240301;100243;292.68;30;9730707301;S
20240301;100244;292.69;10;9730707722;B
20240301;100245;292.69;10;9730707958;B
20240301;100245;292.69;1000;9730708004;B
20240301;100247;292.68;280;9730708301;S
20240301;100248;292.69;20;9730708378;B
20240301;100248;292.69;80;9730708390;B
20240301;100248;292.68;120;9730708470;S
20240301;100248;292.68;580;9730708471;S
20240301;100248;292.68;30;9730708472;S
20240301;100248;292.68;1000;9730708473;S
20240301;100248;292.67;40;9730708474;S
20240301;100248;292.67;20;9730708475;S
20240301;100248;292.67;340;9730708476;S
20240301;100248;292.67;350;9730708477;S
20240301;100248;292.67;20;9730708478;S
20240301;100249;292.69;10;9730708590;B
20240301;100251;292.69;10;9730708959;B
20240301;100251;292.69;1710;9730708960;B
20240301;100251;292.69;1290;9730708961;B
20240301;100252;292.69;1150;9730709130;B
20240301;100255;292.68;30;9730709684;S
20240301;100256;292.69;270;9730709902;B
20240301;100257;292.69;10;9730709938;B
20240301;100257;292.68;200;9730710001;S
20240301;100259;292.69;200;9730710306;B
20240301;100300;292.69;80;9730710593;B
20240301;100300;292.69;20;9730710594;B
20240301;100302;292.7;10;9730711021;B
20240301;100303;292.7;1000;9730711199;B
20240301;100304;292.69;1000;9730711281;S
20240301;100304;292.7;40;9730711414;B
20240301;100306;292.7;10;9730711751;B
20240301;100307;292.7;10;9730711893;B
20240301;100307;292.7;470;9730711950;B
20240301;100308;292.7;10;9730712083;B
20240301;100308;292.7;30;9730712117;B
20240301;100308;292.7;10;9730712152;B
20240301;100309;292.7;200;9730712203;B
20240301;100310;292.7;300;9730712420;B
20240301;100312;292.7;520;9730712923;B
20240301;100312;292.7;520;9730712930;B
20240301;100314;292.69;480;9730713132;S
20240301;100314;292.7;160;9730713146;B
20240301;100314;292.7;10;9730713163;B
20240301;100314;292.69;300;9730713165;S
20240301;100314;292.7;10;9730713325;B
20240301;100315;292.69;10;9730713407;S
20240301;100316;292.69;30;9730713474;S
20240301;100316;292.7;90;9730713514;B
20240301;100316;292.7;300;9730713526;B
20240301;100319;292.7;10;9730714025;B
20240301;100319;292.7;350;9730714035;B
20240301;100320;292.7;40;9730714156;B
20240301;100324;292.7;1000;9730714875;B
20240301;100324;292.7;10;9730714909;B
20240301;100324;292.7;100;9730714977;B
20240301;100324;292.7;10;9730714991;B
20240301;100326;292.7;680;9730715215;B
20240301;100326;292.7;10;9730715216;B
20240301;100326;292.7;10;9730715217;B
20240301;100326;292.7;300;9730715218;B
20240301;100330;292.69;460;9730715778;S
20240301;100332;292.7;200;9730716164;B
20240301;100332;292.7;20;9730716165;B
20240301;100332;292.7;20;9730716166;B
20240301;100332;292.7;260;9730716167;B
20240301;100334;292.7;10;9730716532;B
20240301;100337;292.69;50;9730716926;S
20240301;100337;292.7;4730;9730716927;B
20240301;100337;292.7;40;9730716928;B
20240301;100337;292.7;50;9730716929;B
20240301;100337;292.7;10;9730716930;B
20240301;100337;292.7;40;9730716931;B
20240301;100337;292.7;100;9730716932;B
20240301;100337;292.7;20;9730716933;B
20240301;100340;292.73;10;9730717201;B
20240301;100340;292.72;400;9730717302;S
20240301;100340;292.72;580;9730717303;S
20240301;100340;292.71;1030;9730717304;S
20240301;100340;292.71;580;9730717305;S
20240301;100340;292.71;20;9730717306;S
20240301;100340;292.71;350;9730717307;S
20240301;100340;292.71;350;9730717308;S
20240301;100340;292.7;580;9730717309;S
20240301;100340;292.7;110;9730717310;S
20240301;100340;292.73;1030;9730717313;S
20240301;100340;292.73;400;9730717314;S
20240301;100340;292.73;580;9730717315;S
20240301;100341;292.71;110;9730717383;S
20240301;100342;292.73;2000;9730717576;B
20240301;100342;292.72;20;9730717598;S
20240301;100343;292.73;1130;9730717878;B
20240301;100345;292.73;2000;9730718029;B
20240301;100346;292.73;1760;9730718223;B
20240301;100346;292.75;100;9730718224;B
20240301;100346;292.75;550;9730718225;B
20240301;100346;292.76;1090;9730718226;B
20240301;100346;292.76;30;9730718231;B
20240301;100346;292.76;20;9730718232;B
20240301;100346;292.77;10;9730718233;B
20240301;100346;292.77;10;9730718302;B
20240301;100346;292.77;340;9730718303;B
20240301;100347;292.76;10;9730718432;B
20240301;100347;292.77;70;9730718433;B
20240301;100349;292.74;10;9730718571;S
20240301;100351;292.77;10;9730718797;B
20240301;100351;292.77;80;9730718805;B
20240301;100351;292.77;110;9730718806;B
20240301;100351;292.77;380;9730718820;B
20240301;100353;292.74;400;9730719248;S
20240301;100353;292.74;10;9730719249;S
20240301;100353;292.73;230;9730719250;S
20240301;100353;292.74;10;9730719311;S
20240301;100354;292.77;110;9730719560;B
20240301;100355;292.77;110;9730719646;B
20240301;100355;292.77;100;9730719647;B
20240301;100355;292.78;790;9730719648;B
20240301;100355;292.75;80;9730719686;S
20240301;100355;292.78;30;9730719717;B
20240301;100356;292.78;10;9730719769;B
20240301;100356;292.78;170;9730719884;B
20240301;100356;292.78;10;9730719885;B
20240301;100356;292.79;20;9730719886;B
20240301;100357;292.77;10;9730719951;B
20240301;100357;292.77;150;9730720026;B
20240301;100359;292.76;160;9730720231;B
20240301;100359;292.76;240;9730720234;B
20240301;100359;292.77;760;9730720235;B
20240301;100400;292.76;20;9730720398;B
20240301;100400;292.77;1000;9730720499;B
20240301;100401;292.77;1570;9730720624;B
20240301;100401;292.77;1310;9730720651;B
20240301;100401;292.77;1900;9730720652;B
20240301;100403;292.79;100;9730720870;B
20240301;100404;292.77;500;9730720971;S
20240301;100407;292.79;10;9730721424;B
20240301;100407;292.79;10;9730721458;B
20240301;100408;292.77;30;9730721599;S
20240301;100408;292.79;20;9730721694;B
20240301;100409;292.78;100;9730721837;B
20240301;100409;292.79;340;9730721838;B
20240301;100409;292.79;20;9730721839;B
20240301;100409;292.79;400;9730721840;B
20240301;100410;292.79;150;9730721939;S
20240301;100410;292.77;260;9730721940;S
20240301;100410;292.77;80;9730721941;S
20240301;100410;292.77;10;9730721942;S
20240301;100411;292.79;400;9730722150;B
20240301;100411;292.8;250;9730722151;B
20240301;100411;292.8;20;9730722152;B
20240301;100411;292.8;200;9730722153;B
20240301;100411;292.8;630;9730722154;B
20240301;100411;292.79;30;9730722357;B
20240301;100412;292.77;80;9730722381;S
20240301;100412;292.77;120;9730722382;S
20240301;100413;292.77;7680;9730722613;S
20240301;100413;292.77;150;9730722614;S
20240301;100413;292.77;20;9730722615;S
20240301;100413;292.75;580;9730722616;S
20240301;100413;292.74;100;9730722617;S
20240301;100413;292.74;580;9730722618;S
20240301;100413;292.74;10;9730722619;S
20240301;100413;292.73;580;9730722620;S
20240301;100413;292.73;10;9730722621;S
20240301;100413;292.73;290;9730722622;S
20240301;100413;292.77;400;9730722659;B
20240301;100413;292.78;350;9730722660;B
20240301;100413;292.79;250;9730722661;B
20240301;100415;292.78;10;9730723006;B
20240301;100415;292.75;10;9730723067;B
20240301;100416;292.75;20;9730723157;B
20240301;100416;292.78;20;9730723158;B
20240301;100416;292.79;410;9730723159;B
20240301;100421;292.75;50;9730724111;S
20240301;100421;292.74;210;9730724112;S
20240301;100421;292.74;150;9730724113;S
20240301;100421;292.73;1030;9730724114;S
20240301;100421;292.73;350;9730724115;S
20240301;100421;292.73;350;9730724116;S
20240301;100421;292.73;400;9730724117;S
20240301;100421;292.72;580;9730724118;S
20240301;100421;292.72;100;9730724119;S
20240301;100421;292.72;2000;9730724120;S
20240301;100421;292.72;10;9730724121;S
20240301;100421;292.72;340;9730724122;S
20240301;100421;292.71;470;9730724146;S
20240301;100422;292.76;100;9730724256;B
20240301;100422;292.76;20;9730724318;B
20240301;100425;292.74;100;9730724659;B
20240301;100425;292.74;10;9730724686;B
20240301;100426;292.75;10;9730724832;B
20240301;100427;292.76;10;9730724952;B
20240301;100428;292.76;10;9730725063;B
20240301;100429;292.71;10;9730725272;S
20240301;100432;292.75;10;9730725863;S
20240301;100434;292.76;10;9730726258;B
20240301;100435;292.75;20;9730726429;S
20240301;100435;292.71;20;9730726467;S
20240301;100435;292.71;20;9730726469;S
20240301;100435;292.7;10;9730726470;S
20240301;100435;292.7;20;9730726471;S
20240301;100435;292.7;20;9730726472;S
20240301;100435;292.7;10;9730726473;S
20240301;100435;292.7;10;9730726474;S
20240301;100435;292.7;410;9730726475;S
20240301;100436;292.7;280;9730726575;S
20240301;100439;292.73;10;9730726965;B
20240301;100440;292.73;10;9730727278;B
20240301;100440;292.73;10;9730727279;B
20240301;100442;292.74;350;9730727633;B
20240301;100442;292.74;1030;9730727634;B
20240301;100442;292.74;350;9730727635;B
20240301;100442;292.75;1580;9730727636;B
20240301;100442;292.75;400;9730727637;B
20240301;100442;292.76;500;9730727638;B
20240301;100442;292.77;580;9730727639;B
20240301;100442;292.77;10;9730727640;B
20240301;100442;292.78;1000;9730727641;B
20240301;100442;292.78;580;9730727642;B
20240301;100442;292.78;10;9730727643;B
20240301;100442;292.79;140;9730727644;B
20240301;100442;292.79;580;9730727645;B
20240301;100442;292.79;5000;9730727646;B
20240301;100442;292.8;370;9730727647;B
20240301;100442;292.8;1000;9730727648;B
20240301;100442;292.8;10;9730727649;B
20240301;100442;292.8;10;9730727650;B
20240301;100442;292.8;500;9730727651;B
20240301;100442;292.8;300;9730727652;B
20240301;100442;292.79;100;9730727671;B
20240301;100442;292.79;100;9730727691;B
20240301;100443;292.79;10;9730727785;B
20240301;100445;292.79;500;9730728115;B
20240301;100447;292.79;30;9730728391;B
20240301;100448;292.75;20;9730728419;S
20240301;100449;292.79;30;9730728540;B
20240301;100450;292.77;200;9730728612;S
20240301;100450;292.75;20;9730728613;S
20240301;100450;292.75;100;9730728614;S
20240301;100450;292.74;400;9730728615;S
20240301;100450;292.74;30;9730728616;S
20240301;100450;292.74;350;9730728617;S
20240301;100450;292.74;100;9730728618;B
20240301;100452;292.8;200;9730729008;B
20240301;100454;292.78;10;9730729319;B
20240301;100454;292.75;90;9730729362;S
20240301;100454;292.74;10;9730729395;S
20240301;100454;292.77;10;9730729523;S
20240301;100455;292.75;180;9730729689;S
20240301;100455;292.74;50;9730729690;S
20240301;100455;292.73;70;9730729691;S
20240301;100457;292.77;10;9730729907;B
20240301;100457;292.77;30;9730729908;B
20240301;100458;292.77;100;9730730095;B
20240301;100500;292.77;10;9730730285;B
20240301;100501;292.77;220;9730730413;B
20240301;100501;292.76;30;9730730441;B
20240301;100501;292.77;350;9730730442;B
20240301;100501;292.77;390;9730730443;B
20240301;100502;292.78;570;9730730642;B
20240301;100502;292.78;350;9730730643;B
20240301;100502;292.78;400;9730730644;B
20240301;100502;292.78;350;9730730645;B
20240301;100502;292.78;1330;9730730646;B
20240301;100503;292.78;20;9730730736;B
20240301;100504;292.77;900;9730730831;S
20240301;100504;292.77;10;9730730832;S
20240301;100505;292.77;90;9730730963;B
20240301;100505;292.77;110;9730730964;B
20240301;100505;292.78;270;9730731023;B
20240301;100506;292.75;30;9730731155;S
20240301;100507;292.77;10;9730731273;B
20240301;100507;292.76;200;9730731382;S
20240301;100508;292.76;20;9730731457;S
20240301;100508;292.77;40;9730731485;B
20240301;100508;292.77;60;9730731486;B
20240301;100508;292.77;1440;9730731488;B
20240301;100508;292.77;100;9730731489;B
20240301;100508;292.79;860;9730731490;B
20240301;100508;292.79;4140;9730731496;B
20240301;100508;292.79;50;9730731497;B
20240301;100508;292.8;9110;9730731498;B
20240301;100508;292.8;360;9730731551;B
20240301;100509;292.8;20;9730731816;B
20240301;100510;292.8;10;9730731963;B
20240301;100510;292.8;90;9730731964;B
20240301;100510;292.78;140;9730731979;S
20240301;100510;292.77;10;9730731980;S
20240301;100510;292.77;400;9730731981;S
20240301;100510;292.76;350;9730731982;S
20240301;100510;292.76;350;9730731983;S
20240301;100510;292.76;1030;9730731984;S
20240301;100510;292.75;470;9730731985;S
20240301;100510;292.75;500;9730731986;S
20240301;100510;292.75;340;9730731987;S
20240301;100510;292.75;2000;9730731988;S
20240301;100510;292.74;20;9730731989;S
20240301;100510;292.74;580;9730731990;S
20240301;100510;292.74;750;9730731991;S
20240301;100510;292.73;10;9730731992;S
20240301;100510;292.73;580;9730731993;S
20240301;100510;292.73;750;9730731994;S
20240301;100510;292.73;100;9730731995;S
20240301;100510;292.72;580;9730731996;S
20240301;100510;292.72;4530;9730731997;S
20240301;100510;292.72;510;9730731998;S
20240301;100511;292.79;10;9730732083;B
20240301;100512;292.76;150;9730732437;B
20240301;100513;292.76;50;9730732452;B
20240301;100513;292.74;100;9730732464;S
20240301;100513;292.74;350;9730732465;S
20240301;100513;292.73;500;9730732466;S
20240301;100513;292.73;10;9730732467;S
20240301;100513;292.72;350;9730732468;S
20240301;100513;292.72;1030;9730732469;S
20240301;100513;292.72;400;9730732470;S
20240301;100513;292.71;260;9730732471;S
20240301;100513;292.75;1000;9730732472;S
20240301;100514;292.74;10;9730732623;S
20240301;100514;292.76;20;9730732771;B
20240301;100515;292.75;20;9730732925;S
20240301;100519;292.75;40;9730733682;S
20240301;100520;292.75;40;9730733911;S
20240301;100520;292.75;500;9730733912;S
20240301;100520;292.75;1000;9730733913;S
20240301;100520;292.75;460;9730733914;S
20240301;100522;292.76;20;9730734265;B
20240301;100523;292.74;60;9730734544;B
20240301;100523;292.73;30;9730734621;B
20240301;100523;292.73;10;9730734639;B
20240301;100524;292.72;300;9730734724;S
20240301;100526;292.72;40;9730735204;S
20240301;100527;292.72;160;9730735394;S
20240301;100527;292.71;20;9730735395;S
20240301;100527;292.7;310;9730735396;S
20240301;100527;292.7;10;9730735397;S
20240301;100527;292.7;20;9730735398;S
20240301;100527;292.7;50;9730735399;S
20240301;100527;292.7;10;9730735400;S
20240301;100527;292.7;10;9730735401;S
20240301;100527;292.69;10;9730735402;S
20240301;100527;292.69;20;9730735403;S
20240301;100527;292.7;100;9730735531;B
20240301;100530;292.69;10;9730736121;S
20240301;100532;292.7;360;9730736340;B
20240301;100532;292.7;480;9730736341;B
20240301;100532;292.69;170;9730736438;S
20240301;100532;292.69;100;9730736439;S
20240301;100532;292.69;60;9730736440;S
20240301;100532;292.69;10;9730736441;S
20240301;100532;292.68;760;9730736442;S
20240301;100532;292.66;50;9730736443;S
20240301;100532;292.66;850;9730736444;S
20240301;100532;292.66;30;9730736446;S
20240301;100532;292.66;5760;9730736447;S
20240301;100532;292.66;60;9730736448;S
20240301;100532;292.66;50;9730736449;S
20240301;100532;292.65;20;9730736450;S
20240301;100532;292.65;20;9730736451;S
20240301;100532;292.65;300;9730736452;S
20240301;100532;292.65;100;9730736453;S
20240301;100532;292.65;90;9730736454;S
20240301;100532;292.65;500;9730736455;S
20240301;100532;292.65;410;9730736456;S
20240301;100532;292.65;10;9730736457;S
20240301;100532;292.65;10;9730736458;S
20240301;100532;292.64;100;9730736459;S
20240301;100532;292.63;30;9730736461;S
20240301;100532;292.62;10;9730736462;S
20240301;100532;292.62;90;9730736463;S
20240301;100532;292.62;4630;9730736464;S
20240301;100532;292.62;670;9730736465;S
20240301;100532;292.62;20;9730736466;S
20240301;100532;292.63;400;9730736467;B
20240301;100532;292.63;100;9730736468;B
20240301;100532;292.61;10;9730736469;S
20240301;100532;292.62;2000;9730736470;S
20240301;100532;292.62;500;9730736471;B
20240301;100532;292.61;10;9730736472;S
20240301;100532;292.62;200;9730736473;B
20240301;100532;292.62;500;9730736474;B
20240301;100532;292.62;500;9730736476;B
20240301;100532;292.61;20;9730736489;S
20240301;100533;292.61;220;9730736586;S
20240301;100533;292.61;50;9730736614;S
20240301;100533;292.61;310;9730736643;S
20240301;100534;292.62;30;9730736910;B
20240301;100535;292.61;10;9730737275;S
20240301;100536;292.62;10;9730737363;B
20240301;100538;292.61;10;9730737713;S
20240301;100538;292.62;10;9730737793;B
20240301;100539;292.62;10;9730737846;B
20240301;100539;292.62;140;9730737847;B
20240301;100539;292.62;50;9730737848;B
20240301;100539;292.62;400;9730737849;B
20240301;100539;292.62;100;9730737850;B
20240301;100539;292.64;330;9730737851;B
20240301;100539;292.62;400;9730737896;B
20240301;100539;292.62;500;9730737897;B
20240301;100540;292.6;170;9730738014;S
20240301;100540;292.6;100;9730738015;S
20240301;100540;292.6;10;9730738016;S
20240301;100540;292.6;40;9730738017;S
20240301;100540;292.6;30;9730738018;S
20240301;100540;292.62;10;9730738079;B
20240301;100540;292.6;80;9730738105;S
20240301;100541;292.61;10;9730738326;B
20240301;100542;292.61;10;9730738443;B
20240301;100543;292.61;20;9730738549;B
20240301;100543;292.61;10;9730738590;B
20240301;100543;292.6;10;9730738596;S
20240301;100544;292.61;450;9730738810;B
20240301;100544;292.61;160;9730738811;B
20240301;100544;292.62;400;9730738812;B
20240301;100544;292.62;500;9730738813;B
20240301;100544;292.64;350;9730738814;B
20240301;100544;292.64;1030;9730738815;B
20240301;100544;292.64;500;9730738816;B
20240301;100544;292.65;500;9730738817;B
20240301;100544;292.66;500;9730738818;B
20240301;100544;292.66;750;9730738819;B
20240301;100544;292.66;350;9730738820;B
20240301;100544;292.66;2000;9730738821;B
20240301;100544;292.67;500;9730738822;B
20240301;100544;292.67;750;9730738823;B
20240301;100544;292.67;2640;9730738824;B
20240301;100544;292.68;500;9730738825;B
20240301;100544;292.68;750;9730738826;B
20240301;100544;292.68;2000;9730738827;B
20240301;100544;292.68;370;9730738828;B
20240301;100544;292.63;50;9730738846;S
20240301;100545;292.64;140;9730738910;S
20240301;100550;292.62;10;9730739558;B
20240301;100550;292.62;60;9730739602;B
20240301;100551;292.62;150;9730739695;B
20240301;100551;292.61;30;9730739803;S
20240301;100552;292.62;100;9730739848;B
20240301;100554;292.62;30;9730740147;B
20240301;100556;292.62;20;9730740447;B
20240301;100557;292.62;20;9730740673;B
20240301;100558;292.62;10;9730740868;B
20240301;100558;292.61;430;9730740963;S
20240301;100559;292.62;10;9730741033;B
20240301;100559;292.61;10;9730741035;S
20240301;100601;292.62;30;9730741344;B
20240301;100602;292.62;130;9730741535;B
20240301;100602;292.62;280;9730741577;B
20240301;100602;292.62;710;9730741578;B
20240301;100602;292.62;100;9730741588;B
20240301;100603;292.62;10;9730741848;B
20240301;100605;292.62;170;9730742330;B
20240301;100606;292.61;30;9730742444;S
20240301;100606;292.61;20;9730742445;S
20240301;100606;292.6;100;9730742446;S
20240301;100606;292.6;1000;9730742447;S
20240301;100606;292.6;10;9730742448;S
20240301;100606;292.6;10;9730742449;S
20240301;100606;292.6;40;9730742450;S
20240301;100606;292.6;100;9730742451;S
20240301;100606;292.6;160;9730742452;S
20240301;100606;292.6;840;9730742453;S
20240301;100606;292.58;10;9730742466;S
20240301;100606;292.57;20;9730742467;S
20240301;100606;292.57;10;9730742468;S
20240301;100606;292.56;10;9730742469;S
20240301;100606;292.56;100;9730742470;S
20240301;100607;292.56;150;9730742705;B
20240301;100607;292.57;80;9730742706;B
20240301;100607;292.57;350;9730742744;B
20240301;100608;292.58;10;9730743172;B
20240301;100610;292.54;130;9730743440;S
20240301;100610;292.54;150;9730743441;S
20240301;100610;292.54;120;9730743442;S
20240301;100612;292.54;10;9730743808;S
20240301;100612;292.54;200;9730743809;S
20240301;100613;292.54;20;9730744025;B
20240301;100615;292.54;10;9730744304;B
20240301;100619;292.53;400;9730745183;B
20240301;100619;292.53;600;9730745184;B
20240301;100620;292.52;100;9730745338;S
20240301;100620;292.52;20;9730745339;S
20240301;100620;292.52;10;9730745392;B
20240301;100622;292.51;10;9730745677;S
20240301;100622;292.51;20;9730745678;S
20240301;100622;292.51;10;9730745679;S
20240301;100622;292.5;20;9730745680;S
20240301;100622;292.5;10;9730745681;S
20240301;100622;292.5;10;9730745682;S
20240301;100622;292.5;1000;9730745683;S
20240301;100622;292.5;500;9730745684;S
20240301;100622;292.5;900;9730745685;S
20240301;100622;292.5;10;9730745686;S
20240301;100622;292.5;200;9730745687;S
20240301;100622;292.5;30;9730745688;S
20240301;100622;292.5;200;9730745689;S
20240301;100622;292.5;250;9730745690;S
20240301;100622;292.5;20;9730745691;S
20240301;100622;292.5;100;9730745692;S
20240301;100622;292.49;350;9730745693;S
20240301;100622;292.49;20;9730745694;S
20240301;100622;292.46;20;9730745891;B
20240301;100622;292.46;10;9730745900;B
20240301;100623;292.45;30;9730745964;S
20240301;100623;292.46;100;9730745983;B
20240301;100628;292.46;10;9730747004;B
20240301;100629;292.45;10;9730747207;S
20240301;100631;292.45;170;9730747561;S
20240301;100633;292.46;10;9730747842;B
20240301;100635;292.46;480;9730748264;B
20240301;100635;292.46;500;9730748265;B
20240301;100635;292.46;50;9730748266;B
20240301;100635;292.46;160;9730748267;B
20240301;100635;292.46;1170;9730748268;B
20240301;100636;292.45;400;9730748344;S
20240301;100636;292.46;10;9730748415;B
20240301;100636;292.46;10;9730748433;B
20240301;100637;292.46;330;9730748485;B
20240301;100637;292.46;580;9730748486;B
20240301;100637;292.46;90;9730748487;B
20240301;100637;292.45;1500;9730748526;S
20240301;100638;292.46;20;9730748626;B
20240301;100638;292.45;10;9730748690;S
20240301;100639;292.46;90;9730748760;B
20240301;100639;292.46;320;9730748761;B
20240301;100643;292.45;10;9730749621;S
20240301;100645;292.45;120;9730749827;S
20240301;100645;292.46;180;9730749847;B
20240301;100645;292.46;960;9730749848;B
20240301;100645;292.46;20;9730749850;B
20240301;100647;292.45;10;9730750100;S
20240301;100647;292.45;1190;9730750137;S
20240301;100647;292.45;20;9730750138;S
20240301;100647;292.45;50;9730750139;S
20240301;100647;292.44;160;9730750140;S
20240301;100647;292.43;10;9730750141;S
20240301;100647;292.42;90;9730750142;S
20240301;100647;292.42;340;9730750143;S
20240301;100647;292.42;1140;9730750144;S
20240301;100648;292.43;70;9730750352;B
20240301;100649;292.43;100;9730750443;B
20240301;100649;292.42;10;9730750528;S
20240301;100649;292.42;10;9730750529;S
20240301;100649;292.42;160;9730750553;B
20240301;100651;292.43;300;9730750770;B
20240301;100651;292.42;80;9730750777;S
20240301;100651;292.43;30;9730750804;B
20240301;100651;292.43;10;9730750805;B
20240301;100651;292.43;40;9730750859;B
20240301;100651;292.43;250;9730750861;B
20240301;100652;292.43;100;9730750884;B
20240301;100652;292.43;20;9730751000;B
20240301;100653;292.42;20;9730751031;S
20240301;100654;292.43;170;9730751302;B
20240301;100657;292.44;1500;9730751584;B
20240301;100657;292.46;20;9730751585;B
20240301;100657;292.46;30;9730751587;S
20240301;100657;292.47;1500;9730751588;B
20240301;100657;292.5;530;9730751589;B
20240301;100657;292.52;580;9730751590;B
20240301;100657;292.53;580;9730751591;B
20240301;100657;292.54;10;9730751592;B
20240301;100657;292.55;580;9730751593;B
20240301;100657;292.54;1000;9730751647;B
20240301;100657;292.54;400;9730751648;B
20240301;100657;292.54;1020;9730751649;S
20240301;100658;292.56;10;9730751812;B
20240301;100658;292.56;90;9730751848;B
20240301;100700;292.56;10;9730752183;B
20240301;100700;292.56;290;9730752257;B
20240301;100700;292.56;430;9730752258;B
20240301;100700;292.55;30;9730752263;S
20240301;100700;292.57;580;9730752265;S
20240301;100700;292.57;1000;9730752278;B
20240301;100700;292.58;390;9730752279;B
20240301;100700;292.58;640;9730752280;B
20240301;100701;292.58;100;9730752296;B
20240301;100702;292.59;30;9730752534;B
20240301;100704;292.58;280;9730752972;B
20240301;100705;292.57;30;9730753050;S
20240301;100705;292.56;100;9730753051;S
20240301;100705;292.54;350;9730753052;S
20240301;100705;292.53;520;9730753053;S
20240301;100706;292.53;100;9730753239;S
20240301;100706;292.46;400;9730753326;B
20240301;100709;292.45;170;9730753772;S
20240301;100709;292.45;590;9730753777;S
20240301;100710;292.46;10;9730753902;B
20240301;100713;292.45;30;9730754304;B
20240301;100713;292.44;160;9730754325;S
20240301;100713;292.45;10;9730754334;B
20240301;100715;292.47;350;9730754529;B
20240301;100715;292.47;1500;9730754530;S
20240301;100715;292.48;400;9730754531;S
20240301;100716;292.47;60;9730754697;S
20240301;100717;292.48;500;9730754820;B
20240301;100717;292.48;40;9730754934;S
20240301;100717;292.48;20;9730754948;S
20240301;100718;292.48;10;9730754987;S
20240301;100718;292.49;500;9730755030;B
20240301;100718;292.5;80;9730755031;B
20240301;100723;292.5;10;9730755757;B
20240301;100723;292.5;500;9730755758;B
20240301;100723;292.5;400;9730755759;B
20240301;100723;292.5;860;9730755760;B
20240301;100723;292.5;350;9730755761;B
20240301;100723;292.51;220;9730755762;B
20240301;100723;292.51;500;9730755763;B
20240301;100723;292.52;350;9730755764;B
20240301;100723;292.52;500;9730755765;B
20240301;100723;292.52;1030;9730755766;B
20240301;100723;292.52;280;9730755767;B
20240301;100724;292.49;30;9730755911;S
20240301;100724;292.47;220;9730755912;S
20240301;100724;292.46;340;9730755913;S
20240301;100724;292.46;10;9730755914;S
20240301;100724;292.47;200;9730755947;B
20240301;100724;292.47;170;9730755974;B
20240301;100724;292.45;70;9730755980;S
20240301;100724;292.47;10;9730755990;B
20240301;100727;292.46;10;9730756433;S
20240301;100727;292.47;10;9730756443;B
20240301;100728;292.47;490;9730756818;B
20240301;100728;292.47;1500;9730756819;B
20240301;100728;292.48;500;9730756820;B
20240301;100728;292.48;220;9730756821;B
20240301;100728;292.48;1020;9730756822;B
20240301;100731;292.5;20;9730757220;B
20240301;100731;292.5;50;9730757290;B
20240301;100732;292.53;1000;9730757453;B
20240301;100732;292.55;330;9730757454;B
20240301;100732;292.57;10;9730757455;B
20240301;100732;292.59;400;9730757466;S
20240301;100732;292.59;300;9730757467;S
20240301;100733;292.6;2690;9730757553;B
20240301;100733;292.61;310;9730757554;B
20240301;100733;292.61;10;9730757555;B
20240301;100733;292.61;360;9730757556;B
20240301;100733;292.61;10;9730757616;B
20240301;100734;292.61;680;9730757727;B
20240301;100734;292.64;30;9730757728;B
20240301;100734;292.64;750;9730757729;B
20240301;100734;292.65;750;9730757730;B
20240301;100734;292.65;1310;9730757731;B
20240301;100734;292.65;580;9730757732;B
20240301;100734;292.66;750;9730757733;B
20240301;100734;292.66;580;9730757734;B
20240301;100734;292.67;750;9730757735;B
20240301;100734;292.67;580;9730757736;B
20240301;100734;292.68;750;9730757737;B
20240301;100734;292.68;580;9730757738;B
20240301;100734;292.69;750;9730757739;B
20240301;100734;292.69;580;9730757740;B
20240301;100734;292.7;750;9730757741;B
20240301;100734;292.7;50;9730757742;B
20240301;100734;292.7;580;9730757743;B
20240301;100734;292.7;350;9730757744;B
20240301;100734;292.71;750;9730757745;B
20240301;100734;292.71;580;9730757746;B
20240301;100734;292.71;1020;9730757747;B
20240301;100734;292.71;400;9730757748;B
20240301;100734;292.72;20;9730757749;B
20240301;100734;292.72;750;9730757750;B
20240301;100734;292.72;580;9730757751;B
20240301;100734;292.72;1810;9730757752;B
20240301;100738;292.73;50;9730758367;B
20240301;100738;292.75;20;9730758368;B
20240301;100738;292.75;10;9730758383;B
20240301;100739;292.75;10;9730758538;B
20240301;100739;292.75;10;9730758573;B
20240301;100739;292.75;30;9730758612;B
20240301;100739;292.74;10;9730758618;S
20240301;100739;292.74;170;9730758696;S
20240301;100740;292.75;1110;9730758724;B
20240301;100740;292.77;130;9730758725;B
20240301;100740;292.77;550;9730758726;B
20240301;100740;292.77;20;9730758758;B
20240301;100740;292.77;10;9730758843;B
20240301;100740;292.77;10;9730758854;B
20240301;100741;292.74;10;9730759203;B
20240301;100742;292.74;40;9730759229;B
20240301;100742;292.74;20;9730759312;B
20240301;100742;292.71;10;9730759367;B
20240301;100743;292.69;50;9730759544;S
20240301;100743;292.66;450;9730759545;S
20240301;100744;292.66;100;9730759766;S
20240301;100745;292.66;200;9730759905;B
20240301;100745;292.63;150;9730759908;S
20240301;100747;292.63;500;9730760273;S
20240301;100749;292.65;10;9730760608;B
20240301;100749;292.66;300;9730760639;B
20240301;100750;292.63;10;9730760775;S
20240301;100752;292.64;1500;9730761025;S
20240301;100752;292.65;30;9730761047;B
20240301;100755;292.65;50;9730761488;B
20240301;100755;292.65;20;9730761548;B
20240301;100755;292.65;20;9730761549;B
20240301;100755;292.67;100;9730761550;B
20240301;100755;292.69;30;9730761551;B
20240301;100756;292.7;500;9730761651;S
20240301;100757;292.69;230;9730761773;S
20240301;100757;292.67;2560;9730761774;S
20240301;100757;292.66;580;9730761775;S
20240301;100757;292.65;580;9730761776;S
20240301;100757;292.65;50;9730761777;S
20240301;100758;292.69;10;9730762046;B
20240301;100759;292.69;50;9730762155;B
20240301;100800;292.69;50;9730762299;B
20240301;100801;292.66;400;9730762363;B
20240301;100801;292.67;170;9730762364;B
20240301;100801;292.67;790;9730762365;B
20240301;100801;292.68;180;9730762391;B
20240301;100802;292.69;90;9730762551;B
20240301;100803;292.65;20;9730762811;S
20240301;100803;292.65;10;9730762812;S
20240301;100803;292.63;220;9730762813;S
20240301;100803;292.63;340;9730762814;S
20240301;100803;292.62;750;9730762815;S
20240301;100803;292.62;340;9730762816;S
20240301;100803;292.61;580;9730762817;S
20240301;100803;292.61;750;9730762818;S
20240301;100803;292.61;400;9730762819;S
20240301;100803;292.6;580;9730762820;S
20240301;100803;292.6;750;9730762821;S
20240301;100803;292.6;1390;9730762822;S
20240301;100803;292.59;100;9730762823;S
20240301;100804;292.54;10;9730762849;S
20240301;100804;292.54;40;9730762850;S
20240301;100804;292.54;330;9730762925;S
20240301;100804;292.55;20;9730762936;B
20240301;100807;292.55;240;9730763351;B
20240301;100807;292.57;460;9730763352;B
20240301;100807;292.54;40;9730763375;S
20240301;100807;292.55;10;9730763522;B
20240301;100808;292.56;100;9730763669;B
20240301;100810;292.54;170;9730763902;S
20240301;100818;292.53;1000;9730765233;S
20240301;100819;292.54;10;9730765342;B
20240301;100819;292.54;150;9730765433;B
20240301;100823;292.55;10;9730765821;S
20240301;100823;292.55;340;9730765822;S
20240301;100824;292.56;10;9730765932;B
20240301;100825;292.56;50;9730766099;B
20240301;100829;292.56;40;9730766616;B
20240301;100829;292.56;130;9730766617;B
20240301;100829;292.56;10;9730766653;B
20240301;100831;292.56;60;9730766940;B
20240301;100831;292.56;10;9730766950;B
20240301;100833;292.56;30;9730767218;B
20240301;100833;292.58;1020;9730767219;S
20240301;100835;292.59;10;9730767701;B
20240301;100835;292.59;100;9730767720;B
20240301;100837;292.58;10;9730767949;B
20240301;100837;292.57;60;9730767983;B
20240301;100838;292.56;240;9730768164;S
20240301;100838;292.55;20;9730768165;S
20240301;100838;292.54;30;9730768166;S
20240301;100838;292.54;350;9730768167;S
20240301;100838;292.54;90;9730768168;S
20240301;100839;292.56;170;9730768558;S
20240301;100839;292.56;10;9730768560;S
20240301;100839;292.57;10;9730768648;B
20240301;100843;292.56;50;9730769165;S
20240301;100843;292.59;170;9730769197;B
20240301;100846;292.58;10;9730769469;B
20240301;100849;292.58;10;9730769817;S
20240301;100849;292.56;190;9730769818;S
20240301;100852;292.58;200;9730770286;B
20240301;100852;292.58;10;9730770354;B
20240301;100854;292.58;300;9730770503;B
20240301;100854;292.55;400;9730770540;S
20240301;100855;292.55;30;9730770664;S
20240301;100855;292.54;350;9730770665;S
20240301;100855;292.54;350;9730770666;S
20240301;100855;292.53;270;9730770667;S
20240301;100857;292.54;10;9730770871;B
20240301;100900;292.53;240;9730771288;S
20240301;100901;292.54;460;9730771411;B
20240301;100902;292.54;20;9730771550;B
20240301;100902;292.54;10;9730771555;B
20240301;100902;292.54;300;9730771556;B
20240301;100902;292.54;90;9730771557;B
20240301;100902;292.54;350;9730771558;B
20240301;100902;292.54;570;9730771559;B
20240301;100904;292.54;100;9730771864;B
20240301;100904;292.53;10;9730771881;S
20240301;100904;292.53;10;9730771890;S
20240301;100905;292.54;40;9730771966;B
20240301;100905;292.54;10;9730772047;B
20240301;100907;292.54;450;9730772345;B
20240301;100907;292.54;1500;9730772346;B
20240301;100907;292.55;120;9730772347;B
20240301;100907;292.56;500;9730772348;B
20240301;100907;292.56;50;9730772349;B
20240301;100907;292.57;500;9730772350;B
20240301;100907;292.57;580;9730772351;B
20240301;100907;292.58;490;9730772352;B
20240301;100907;292.58;580;9730772353;B
20240301;100907;292.59;10;9730772354;B
20240301;100907;292.59;20;9730772355;B
20240301;100907;292.59;200;9730772356;B
20240301;100907;292.58;350;9730772357;S
20240301;100909;292.59;60;9730772603;B
20240301;100910;292.59;50;9730772721;B
20240301;100912;292.57;20;9730773140;B
20240301;100916;292.54;200;9730773882;S
20240301;100917;292.55;300;9730774055;B
20240301;100919;292.55;1500;9730774307;B
20240301;100919;292.57;580;9730774308;B
20240301;100919;292.58;580;9730774309;B
20240301;100919;292.58;350;9730774310;B
20240301;100919;292.58;920;9730774311;B
20240301;100922;292.56;70;9730774580;S
20240301;100922;292.55;210;9730774581;S
20240301;100922;292.56;10;9730774654;S
20240301;100923;292.56;60;9730774670;S
20240301;100923;292.55;10;9730774717;S
20240301;100926;292.55;10;9730775054;S
20240301;100926;292.55;10;9730775055;S
20240301;100926;292.55;10;9730775056;S
20240301;100926;292.54;160;9730775057;S
20240301;100926;292.54;40;9730775058;S
20240301;100926;292.54;10;9730775059;S
20240301;100926;292.53;3470;9730775060;S
20240301;100926;292.53;100;9730775061;S
20240301;100926;292.53;30;9730775062;S
20240301;100927;292.54;40;9730775264;B
20240301;100932;292.54;20;9730775941;B
20240301;100932;292.53;30;9730776004;S
20240301;100934;292.54;10;9730776228;B
20240301;100934;292.53;10;9730776245;S
20240301;100935;292.53;20;9730776414;S
20240301;100935;292.54;200;9730776471;B
20240301;100941;292.54;10;9730777255;B
20240301;100941;292.54;10;9730777281;B
20240301;100942;292.54;10;9730777402;B
20240301;100943;292.54;20;9730777463;B
20240301;100944;292.54;390;9730777725;B
20240301;100946;292.54;170;9730777853;B
20240301;100946;292.55;20;9730777854;B
20240301;100949;292.54;20;9730778236;S
20240301;100951;292.54;60;9730778468;S
20240301;100951;292.54;50;9730778469;S
20240301;100952;292.55;180;9730778552;B
20240301;100952;292.55;520;9730778553;B
20240301;100952;292.55;60;9730778565;B
20240301;100952;292.55;90;9730778610;B
20240301;100953;292.54;50;9730778678;S
20240301;100953;292.54;10;9730778679;S
20240301;100953;292.54;10;9730778680;S
20240301;100953;292.53;640;9730778681;S
20240301;100953;292.53;20;9730778682;S
20240301;100953;292.53;10;9730778683;S
20240301;100953;292.52;400;9730778684;S
20240301;100953;292.51;10;9730778685;S
20240301;100953;292.51;10;9730778686;S
20240301;100953;292.51;350;9730778687;S
20240301;100953;292.51;10;9730778688;S
20240301;100953;292.51;10;9730778689;S
20240301;100953;292.51;1030;9730778690;S
20240301;100953;292.5;10;9730778691;S
20240301;100953;292.5;40;9730778692;S
20240301;100953;292.5;60;9730778693;S
20240301;100953;292.5;4130;9730778694;S
20240301;100953;292.53;100;9730778697;B
20240301;100953;292.53;350;9730778699;S
20240301;100953;292.51;110;9730778718;B
20240301;100954;292.54;30;9730778889;B
20240301;100955;292.54;20;9730778956;S
20240301;100955;292.54;70;9730778957;S
20240301;100955;292.5;940;9730778958;S
20240301;100955;292.5;100;9730778959;S
20240301;100955;292.5;10;9730778960;S
20240301;100955;292.5;10;9730778961;S
20240301;100955;292.49;750;9730778962;S
20240301;100955;292.49;1020;9730778963;S
20240301;100955;292.48;20;9730778964;S
20240301;100955;292.48;60;9730778965;S
20240301;100956;292.5;10;9730779037;B
20240301;100956;292.5;30;9730779041;B
20240301;100956;292.5;10;9730779082;B
20240301;100956;292.51;50;9730779124;B
20240301;100957;292.52;40;9730779152;B
20240301;100957;292.52;10;9730779153;B
20240301;101002;292.51;10;9730779766;B
20240301;101005;292.57;10;9730780174;B
20240301;101005;292.57;10;9730780241;B
20240301;101007;292.57;20;9730780478;B
20240301;101010;292.57;90;9730781043;B
20240301;101010;292.58;10;9730781044;B
20240301;101010;292.59;210;9730781045;B
20240301;101011;292.59;10;9730781132;B
20240301;101012;292.59;10;9730781294;B
20240301;101015;292.58;20;9730781689;S
20240301;101015;292.58;2000;9730781818;S
20240301;101016;292.59;2500;9730781865;B
20240301;101016;292.59;1320;9730781866;B
20240301;101018;292.59;10;9730782258;B
20240301;101021;292.58;520;9730782691;S
20240301;101022;292.59;20;9730782922;B
20240301;101026;292.59;10;9730783360;B
20240301;101028;292.59;50;9730783699;B
20240301;101029;292.59;10;9730783794;B
20240301;101030;292.59;10;9730783853;B
20240301;101033;292.59;10;9730784309;B
20240301;101034;292.59;150;9730784394;B
20240301;101039;292.59;10;9730785143;B
20240301;101041;292.59;700;9730785371;B
20240301;101041;292.58;40;9730785407;S
20240301;101041;292.58;4480;9730785464;S
20240301;101041;292.58;350;9730785465;S
20240301;101041;292.58;1030;9730785466;S
20240301;101041;292.58;50;9730785467;S
20240301;101041;292.58;580;9730785468;S
20240301;101041;292.58;500;9730785469;S
20240301;101041;292.58;10;9730785470;S
20240301;101042;292.59;10;9730785548;B
20240301;101043;292.59;200;9730785606;B
20240301;101043;292.59;1000;9730785611;B
20240301;101044;292.59;10;9730785686;B
20240301;101044;292.59;10;9730785722;B
20240301;101053;292.59;30;9730786706;B
20240301;101054;292.59;500;9730786803;B
20240301;101055;292.59;150;9730786945;B
20240301;101055;292.59;10;9730787063;B
20240301;101059;292.59;1050;9730787554;B
20240301;101101;292.58;340;9730787720;S
20240301;101101;292.58;1080;9730787721;S
20240301;101101;292.58;580;9730787722;S
20240301;101101;292.58;500;9730787723;S
20240301;101101;292.58;350;9730787724;S
20240301;101101;292.58;1030;9730787725;S
20240301;101101;292.58;10;9730787726;S
20240301;101101;292.58;130;9730787727;S
20240301;101101;292.58;30;9730787728;S
20240301;101101;292.58;400;9730787729;S
20240301;101101;292.57;550;9730787730;S
20240301;101101;292.58;40;9730787745;S
20240301;101102;292.59;10;9730787840;B
20240301;101103;292.58;100;9730787987;S
20240301;101103;292.59;100;9730788034;B
20240301;101104;292.59;20;9730788102;B
20240301;101104;292.58;40;9730788106;S
20240301;101104;292.58;10;9730788174;S
20240301;101105;292.59;10;9730788271;B
20240301;101105;292.59;20;9730788272;B
20240301;101106;292.59;10;9730788502;B
20240301;101109;292.59;10;9730788775;B
20240301;101109;292.58;40;9730788817;S
20240301;101109;292.59;550;9730788860;B
20240301;101110;292.59;170;9730788899;B
20240301;101111;292.58;200;9730789035;S
20240301;101111;292.59;40;9730789036;B
20240301;101111;292.59;100;9730789202;B
20240301;101111;292.59;40;9730789215;B
20240301;101112;292.59;60;9730789261;B
20240301;101113;292.58;90;9730789375;S
20240301;101113;292.59;60;9730789489;B
20240301;101114;292.59;10;9730789565;B
20240301;101115;292.58;60;9730789806;S
20240301;101115;292.58;500;9730789807;S
20240301;101115;292.58;1000;9730789808;S
20240301;101115;292.58;3440;9730789809;S
20240301;101118;292.59;10;9730790241;B
20240301;101119;292.58;10;9730790264;S
20240301;101119;292.59;10;9730790273;B
20240301;101119;292.59;20;9730790342;B
20240301;101119;292.59;200;9730790343;B
20240301;101120;292.59;20;9730790437;B
20240301;101120;292.58;170;9730790467;S
20240301;101121;292.59;10;9730790539;B
20240301;101121;292.59;1000;9730790683;B
20240301;101122;292.59;10;9730790902;B
20240301;101124;292.59;10;9730791128;B
20240301;101127;292.58;20;9730791443;S
20240301;101127;292.59;10;9730791449;B
20240301;101127;292.58;100;9730791479;S
20240301;101130;292.58;730;9730791858;S
20240301;101130;292.58;1400;9730791859;S
20240301;101130;292.58;500;9730791860;S
20240301;101130;292.58;90;9730791861;S
20240301;101130;292.58;340;9730791862;S
20240301;101130;292.58;1000;9730791863;S
20240301;101130;292.58;350;9730791864;S
20240301;101130;292.58;350;9730791865;S
20240301;101130;292.58;20;9730791866;S
20240301;101130;292.58;30;9730791867;S
20240301;101130;292.57;500;9730791868;S
20240301;101130;292.57;10;9730791869;S
20240301;101130;292.57;10;9730791870;S
20240301;101130;292.57;220;9730791871;S
20240301;101130;292.56;580;9730791872;S
20240301;101130;292.56;500;9730791873;S
20240301;101130;292.56;370;9730791874;S
20240301;101132;292.59;170;9730792139;B
20240301;101135;292.59;100;9730792526;B
20240301;101136;292.59;100;9730792626;B
20240301;101141;292.58;170;9730793281;S
20240301;101141;292.58;20;9730793291;S
20240301;101141;292.57;130;9730793292;S
20240301;101141;292.57;40;9730793293;S
20240301;101142;292.58;10;9730793396;B
20240301;101142;292.58;10;9730793399;B
20240301;101142;292.58;60;9730793421;B
20240301;101143;292.58;60;9730793641;B
20240301;101147;292.58;50;9730794004;B
20240301;101148;292.56;350;9730794127;S
20240301;101148;292.55;70;9730794128;S
20240301;101148;292.55;80;9730794129;S
20240301;101152;292.56;20;9730794663;B
20240301;101152;292.56;80;9730794664;B
20240301;101155;292.56;170;9730795091;B
20240301;101155;292.56;10;9730795099;B
20240301;101157;292.56;10;9730795393;B
20240301;101158;292.55;40;9730795624;S
20240301;101200;292.56;20;9730795823;B
20240301;101200;292.56;50;9730795824;B
20240301;101200;292.58;440;9730795825;S
20240301;101200;292.57;330;9730795826;S
20240301;101205;292.59;10;9730796662;B
20240301;101206;292.57;70;9730796796;S
20240301;101206;292.57;100;9730796797;S
20240301;101206;292.57;20;9730796798;S
20240301;101206;292.56;30;9730796799;S
20240301;101206;292.56;160;9730796800;S
20240301;101206;292.59;200;9730796873;B
20240301;101207;292.59;340;9730797023;B
20240301;101208;292.57;170;9730797045;S
20240301;101209;292.57;410;9730797208;S
20240301;101209;292.57;90;9730797209;S
20240301;101209;292.56;190;9730797210;S
20240301;101209;292.56;60;9730797211;S
20240301;101209;292.56;10;9730797221;B
20240301;101213;292.56;10;9730798029;B
20240301;101215;292.56;10;9730798224;B
20240301;101215;292.55;4550;9730798233;S
20240301;101215;292.55;320;9730798240;S
20240301;101215;292.55;10;9730798241;S
20240301;101215;292.55;10;9730798242;S
20240301;101215;292.55;100;9730798369;B
20240301;101216;292.54;10;9730798439;S
20240301;101218;292.55;170;9730798647;B
20240301;101219;292.55;130;9730798843;B
20240301;101219;292.55;470;9730798844;B
20240301;101222;292.55;50;9730799287;B
20240301;101225;292.54;60;9730799717;S
20240301;101225;292.54;10;9730799718;S
20240301;101225;292.53;70;9730799719;S
20240301;101225;292.53;30;9730799720;S
20240301;101225;292.55;1500;9730799764;B
20240301;101225;292.56;320;9730799765;B
20240301;101225;292.56;20;9730799766;B
20240301;101225;292.56;5000;9730799767;B
20240301;101225;292.58;580;9730799768;B
20240301;101225;292.59;250;9730799769;B
20240301;101225;292.59;10;9730799770;B
20240301;101225;292.59;50;9730799771;B
20240301;101225;292.59;400;9730799772;B
20240301;101225;292.59;580;9730799773;B
20240301;101225;292.6;10;9730799774;B
20240301;101225;292.6;60;9730799775;B
20240301;101225;292.6;10;9730799776;B
20240301;101225;292.6;40;9730799777;B
20240301;101225;292.6;580;9730799778;B
20240301;101225;292.6;590;9730799779;B
20240301;101225;292.56;30;9730799799;S
20240301;101225;292.56;1030;9730799800;S
20240301;101225;292.55;940;9730799801;S
20240301;101226;292.55;1000;9730799908;S
20240301;101227;292.58;10;9730799959;B
20240301;101231;292.55;10;9730800571;S
20240301;101231;292.55;10;9730800572;S
20240301;101231;292.55;10;9730800573;S
20240301;101232;292.52;10;9730800599;S
20240301;101232;292.52;70;9730800600;S
20240301;101232;292.51;70;9730800604;S
20240301;101232;292.51;10;9730800605;S
20240301;101232;292.51;80;9730800606;S
20240301;101232;292.5;10;9730800608;S
20240301;101232;292.5;70;9730800609;S
20240301;101232;292.5;100;9730800610;S
20240301;101232;292.5;40;9730800611;S
20240301;101232;292.5;200;9730800612;S
20240301;101232;292.51;10;9730800701;B
20240301;101234;292.51;10;9730800961;B
20240301;101234;292.5;10;9730800998;S
20240301;101234;292.51;290;9730801089;B
20240301;101234;292.51;10;9730801090;B
20240301;101235;292.51;10;9730801155;B
20240301;101236;292.51;170;9730801395;B
20240301;101237;292.5;10;9730801504;S
20240301;101239;292.51;10;9730801857;B
20240301;101239;292.51;300;9730801894;B
20240301;101239;292.51;1000;9730801895;B
20240301;101239;292.51;6400;9730801896;B
20240301;101239;292.51;170;9730801897;B
20240301;101241;292.51;110;9730802155;B
20240301;101241;292.51;240;9730802156;B
20240301;101244;292.51;30;9730802680;B
20240301;101245;292.51;10;9730802933;B
20240301;101245;292.5;170;9730803032;S
20240301;101246;292.5;20;9730803114;S
20240301;101248;292.51;10;9730803368;B
20240301;101250;292.5;7000;9730803560;S
20240301;101250;292.51;50;9730803562;B
20240301;101251;292.51;10;9730803671;B
20240301;101251;292.51;40;9730803786;B
20240301;101252;292.5;60;9730803915;S
20240301;101253;292.51;100;9730804108;B
20240301;101254;292.51;250;9730804156;B
20240301;101254;292.51;50;9730804157;B
20240301;101258;292.51;20;9730804722;B
20240301;101258;292.5;1200;9730804797;S
20240301;101302;292.5;200;9730805242;S
20240301;101303;292.51;10;9730805440;B
20240301;101304;292.51;20;9730805548;B
20240301;101304;292.51;10;9730805549;B
20240301;101304;292.51;30;9730805550;B
20240301;101304;292.51;30;9730805551;B
20240301;101304;292.51;410;9730805552;B
20240301;101304;292.5;10;9730805564;S
20240301;101307;292.51;50;9730806145;B
20240301;101309;292.54;10;9730806395;B
20240301;101312;292.53;1100;9730806824;S
20240301;101312;292.53;1100;9730806825;S
20240301;101314;292.51;10;9730807162;S
20240301;101314;292.51;10;9730807176;B
20240301;101315;292.51;10;9730807267;B
20240301;101316;292.51;30;9730807388;B
20240301;101316;292.51;10;9730807389;B
20240301;101317;292.51;10;9730807493;B
20240301;101317;292.5;1120;9730807499;S
20240301;101317;292.5;50;9730807500;S
20240301;101317;292.5;10;9730807501;S
20240301;101317;292.5;200;9730807502;S
20240301;101317;292.5;20;9730807503;S
20240301;101317;292.5;300;9730807504;S
20240301;101317;292.5;20;9730807505;S
20240301;101317;292.5;10;9730807506;S
20240301;101317;292.5;100;9730807507;S
20240301;101317;292.5;60;9730807508;S
20240301;101317;292.5;370;9730807509;S
20240301;101317;292.5;740;9730807510;S
20240301;101319;292.51;30;9730807625;B
20240301;101321;292.51;30;9730807878;B
20240301;101321;292.51;100;9730807879;B
20240301;101323;292.52;10;9730808066;B
20240301;101323;292.51;400;9730808088;S
20240301;101323;292.51;100;9730808089;S
20240301;101323;292.52;100;9730808171;B
20240301;101324;292.55;160;9730808177;B
20240301;101324;292.54;10;9730808227;S
20240301;101325;292.54;10;9730808366;B
20240301;101326;292.54;30;9730808412;B
20240301;101327;292.54;540;9730808708;B
20240301;101330;292.57;150;9730809069;B
20240301;101330;292.57;20;9730809074;B
20240301;101332;292.57;10;9730809321;B
20240301;101333;292.54;10;9730809613;S
20240301;101340;292.56;1500;9730810284;B
20240301;101340;292.56;500;9730810285;B
20240301;101343;292.55;10;9730810580;S
20240301;101343;292.56;100;9730810636;B
20240301;101343;292.55;20;9730810646;S
20240301;101344;292.56;10;9730810730;B
20240301;101345;292.54;130;9730810850;S
20240301;101345;292.54;210;9730810851;S
20240301;101345;292.54;1030;9730810852;S
20240301;101345;292.53;1000;9730810853;S
20240301;101345;292.51;580;9730810854;S
20240301;101345;292.51;400;9730810855;S
20240301;101345;292.5;1100;9730810856;S
20240301;101346;292.53;30;9730810917;B
20240301;101347;292.53;90;9730811035;B
20240301;101348;292.52;350;9730811195;S
20240301;101349;292.53;30;9730811225;B
20240301;101349;292.53;10;9730811277;B
20240301;101351;292.53;50;9730811541;B
20240301;101352;292.52;10;9730811605;S
20240301;101354;292.52;40;9730811855;B
20240301;101355;292.51;10;9730811906;S
20240301;101355;292.51;1000;9730811907;S
20240301;101355;292.51;400;9730811908;S
20240301;101355;292.5;10;9730811909;S
20240301;101355;292.51;10;9730811930;B
20240301;101356;292.51;1000;9730812064;B
20240301;101358;292.5;3430;9730812211;S
20240301;101359;292.51;400;9730812435;B
20240301;101400;292.51;100;9730812487;B
20240301;101400;292.51;900;9730812488;B
20240301;101401;292.5;10;9730812656;S
20240301;101401;292.51;60;9730812661;B
20240301;101401;292.51;40;9730812663;B
20240301;101401;292.51;850;9730812664;B
20240301;101401;292.51;20;9730812700;B
20240301;101401;292.51;10;9730812719;B
20240301;101405;292.51;100;9730813223;B
20240301;101406;292.51;10;9730813341;B
20240301;101410;292.5;50;9730813772;S
20240301;101410;292.5;1030;9730813781;S
20240301;101411;292.51;20;9730813841;B
20240301;101411;292.51;10;9730813939;B
20240301;101411;292.5;2010;9730813940;S
20240301;101412;292.5;10;9730814033;S
20240301;101413;292.5;350;9730814152;S
20240301;101416;292.5;200;9730814506;S
20240301;101419;292.51;10;9730814964;B
20240301;101420;292.51;320;9730815071;B
20240301;101420;292.51;1050;9730815072;B
20240301;101421;292.5;10;9730815199;S
20240301;101422;292.51;10;9730815468;B
20240301;101424;292.5;10;9730815668;S
20240301;101424;292.51;190;9730815723;B
20240301;101424;292.51;310;9730815724;B
20240301;101426;292.51;20;9730815863;B
20240301;101432;292.51;10;9730816673;B
20240301;101432;292.51;10;9730816720;B
20240301;101434;292.5;20;9730816880;S
20240301;101437;292.5;1150;9730817173;S
20240301;101440;292.53;20;9730817586;S
20240301;101440;292.53;80;9730817587;S
20240301;101442;292.52;30;9730817838;S
20240301;101442;292.54;50;9730817840;B
20240301;101443;292.52;70;9730817894;S
20240301;101444;292.54;70;9730817993;B
20240301;101446;292.52;80;9730818250;S
20240301;101446;292.51;170;9730818251;S
20240301;101451;292.54;10;9730818788;B
20240301;101451;292.54;10;9730818820;B
20240301;101453;292.54;60;9730819129;B
20240301;101454;292.53;10;9730819209;S
20240301;101455;292.54;10;9730819289;B
20240301;101500;292.54;510;9730819833;B
20240301;101500;292.54;80;9730819870;B
20240301;101500;292.54;20;9730819917;B
20240301;101500;292.54;40;9730819920;B
20240301;101500;292.54;20;9730819921;B
20240301;101500;292.54;120;9730819922;B
20240301;101500;292.54;160;9730819923;B
20240301;101500;292.54;40;9730819924;B
20240301;101500;292.54;10;9730819925;B
20240301;101500;292.54;520;9730819927;B
20240301;101500;292.54;240;9730819928;B
20240301;101500;292.54;10;9730819929;B
20240301;101500;292.54;30;9730819938;B
20240301;101500;292.54;10;9730819974;B
20240301;101500;292.54;200;9730819981;B
20240301;101501;292.54;80;9730820120;B
20240301;101502;292.54;420;9730820227;B
20240301;101502;292.54;20;9730820228;B
20240301;101502;292.54;150;9730820229;B
20240301;101502;292.54;350;9730820236;B
20240301;101502;292.55;30;9730820270;B
20240301;101504;292.54;10;9730820723;S
20240301;101505;292.54;2140;9730821008;S
20240301;101505;292.54;400;9730821009;S
20240301;101505;292.54;1000;9730821010;S
20240301;101505;292.54;1010;9730821011;S
20240301;101505;292.54;320;9730821012;S
20240301;101509;292.54;570;9730822015;S
20240301;101512;292.54;10;9730822545;S
20240301;101513;292.55;70;9730822943;B
20240301;101513;292.55;180;9730822944;B
20240301;101514;292.55;10;9730823143;S
20240301;101515;292.55;10;9730823279;S
20240301;101515;292.55;20;9730823298;S
20240301;101515;292.55;960;9730823553;S
20240301;101515;292.54;40;9730823554;S
20240301;101517;292.55;10;9730823822;B
20240301;101518;292.55;10;9730824033;B
20240301;101522;292.55;20;9730824995;B
20240301;101522;292.54;10;9730825052;S
20240301;101523;292.54;10;9730825225;S
20240301;101523;292.54;10;9730825326;S
20240301;101527;292.55;10;9730825952;B
20240301;101530;292.55;10;9730826640;B
20240301;101531;292.54;30;9730826677;S
20240301;101531;292.54;50;9730826678;S
20240301;101531;292.54;110;9730826679;S
20240301;101531;292.53;10;9730826714;S
20240301;101531;292.52;120;9730826762;B
20240301;101533;292.51;10;9730827255;S
20240301;101534;292.51;110;9730827320;S
20240301;101537;292.51;10;9730827952;S
20240301;101539;292.52;40;9730828313;B
20240301;101539;292.51;10;9730828372;S
20240301;101540;292.52;130;9730828513;B
20240301;101544;292.51;10;9730829305;S
20240301;101546;292.51;10;9730829626;S
20240301;101546;292.52;1000;9730829628;B
20240301;101549;292.51;20;9730830162;S
20240301;101550;292.52;100;9730830488;B
20240301;101551;292.53;40;9730830524;B
20240301;101553;292.52;10;9730831072;S
20240301;101553;292.53;850;9730831172;B
20240301;101554;292.53;90;9730831640;B
20240301;101554;292.53;50;9730831641;B
20240301;101555;292.54;640;9730831741;B
20240301;101556;292.53;40;9730831917;S
20240301;101556;292.52;260;9730831918;S
20240301;101557;292.52;10;9730832041;B
20240301;101557;292.51;490;9730832150;S
20240301;101557;292.51;50;9730832151;S
20240301;101557;292.51;50;9730832152;S
20240301;101557;292.51;20;9730832153;S
20240301;101557;292.51;350;9730832154;S
20240301;101557;292.51;40;9730832155;S
20240301;101557;292.51;20;9730832217;S
20240301;101559;292.52;30;9730832547;B
20240301;101559;292.51;10;9730832555;S
20240301;101600;292.51;30;9730832816;S
20240301;101601;292.52;10;9730832970;B
20240301;101601;292.52;460;9730833050;B
20240301;101601;292.51;930;9730833076;S
20240301;101601;292.51;10;9730833077;S
20240301;101601;292.51;350;9730833078;S
20240301;101601;292.51;280;9730833079;S
20240301;101601;292.51;1000;9730833080;S
20240301;101601;292.51;350;9730833081;S
20240301;101601;292.5;80;9730833082;S
20240301;101602;292.52;60;9730833090;B
20240301;101606;292.51;10;9730833901;S
20240301;101606;292.52;10;9730833914;B
20240301;101607;292.52;20;9730834065;B
20240301;101607;292.52;1500;9730834066;B
20240301;101607;292.52;1500;9730834067;B
20240301;101607;292.52;270;9730834068;B
20240301;101608;292.53;350;9730834286;S
20240301;101608;292.53;350;9730834287;S
20240301;101608;292.53;400;9730834288;S
20240301;101609;292.53;10;9730834607;S
20240301;101609;292.54;180;9730834814;B
20240301;101609;292.54;820;9730834815;B
20240301;101611;292.55;10;9730835098;B
20240301;101611;292.53;990;9730835274;S
20240301;101611;292.53;310;9730835275;S
20240301;101611;292.53;10;9730835276;S
20240301;101611;292.52;1110;9730835277;S
20240301;101611;292.52;10;9730835278;S
20240301;101611;292.52;10;9730835279;S
20240301;101611;292.52;10;9730835280;S
20240301;101611;292.51;10;9730835281;S
20240301;101611;292.51;10;9730835282;S
20240301;101611;292.51;30;9730835283;S
20240301;101611;292.51;1030;9730835284;S
20240301;101611;292.51;400;9730835285;S
20240301;101611;292.5;280;9730835286;S
20240301;101612;292.51;10;9730835525;S
20240301;101614;292.52;70;9730835899;B
20240301;101615;292.52;50;9730835940;B
20240301;101615;292.52;130;9730836138;B
20240301;101620;292.51;10;9730837299;B
20240301;101620;292.5;10;9730837435;S
20240301;101620;292.51;10;9730837504;B
20240301;101624;292.51;480;9730838909;B
20240301;101624;292.51;1500;9730838910;B
20240301;101624;292.51;320;9730838911;B
20240301;101624;292.51;1500;9730838912;B
20240301;101624;292.52;400;9730838913;B
20240301;101624;292.54;20;9730838914;B
20240301;101624;292.55;10;9730838915;B
20240301;101624;292.55;350;9730838916;B
20240301;101624;292.55;350;9730838917;B
20240301;101624;292.55;580;9730838918;B
20240301;101624;292.56;10;9730838919;B
20240301;101624;292.56;750;9730838920;B
20240301;101624;292.56;580;9730838921;B
20240301;101624;292.57;150;9730838922;B
20240301;101624;292.52;10;9730838943;S
20240301;101625;292.52;10;9730839132;S
20240301;101626;292.5;2000;9730839496;S
20240301;101627;292.5;400;9730839645;S
20240301;101628;292.51;10;9730839985;B
20240301;101630;292.5;170;9730840350;S
20240301;101630;292.5;20;9730840378;S
20240301;101631;292.51;20;9730840578;B
20240301;101636;292.51;10;9730842201;B
20240301;101637;292.51;50;9730842388;B
20240301;101640;292.51;2190;9730843046;B
20240301;101640;292.51;810;9730843047;B
20240301;101640;292.51;10;9730843136;B
20240301;101641;292.5;1560;9730843270;S
20240301;101642;292.5;10;9730843435;S
20240301;101642;292.5;100;9730843531;S
20240301;101643;292.51;20;9730843648;B
20240301;101644;292.51;20;9730843945;B
20240301;101644;292.5;60;9730844001;S
20240301;101645;292.51;20;9730844081;B
20240301;101645;292.51;10;9730844209;B
20240301;101646;292.51;10;9730844291;B
20240301;101646;292.51;10;9730844448;B
20240301;101648;292.5;100;9730845009;S
20240301;101649;292.5;490;9730845157;S
20240301;101649;292.5;40;9730845158;S
20240301;101649;292.5;100;9730845159;S
20240301;101649;292.5;500;9730845160;S
20240301;101649;292.5;10;9730845161;S
20240301;101649;292.5;2860;9730845162;S
20240301;101650;292.5;10;9730845781;S
20240301;101651;292.51;400;9730845922;B
20240301;101652;292.51;230;9730846150;B
20240301;101652;292.51;80;9730846196;B
20240301;101653;292.5;3130;9730846401;S
20240301;101653;292.5;50;9730846402;S
20240301;101653;292.5;50;9730846403;S
20240301;101653;292.5;10;9730846404;S
20240301;101653;292.5;780;9730846405;S
20240301;101653;292.5;10;9730846406;S
20240301;101653;292.5;600;9730846407;S
20240301;101653;292.5;1370;9730846408;S
20240301;101655;292.51;20;9730846761;B
20240301;101657;292.51;100;9730847296;B
20240301;101658;292.51;10;9730847353;B
20240301;101659;292.51;100;9730847651;B
20240301;101700;292.51;10;9730847976;B
20240301;101700;292.51;10;9730847986;B
20240301;101701;292.51;20;9730848113;B
20240301;101701;292.51;1500;9730848114;B
20240301;101701;292.51;310;9730848115;B
20240301;101701;292.51;970;9730848116;B
20240301;101701;292.5;10;9730848208;S
20240301;101701;292.53;10;9730848211;B
20240301;101701;292.51;30;9730848277;S
20240301;101702;292.51;350;9730848382;S
20240301;101704;292.5;200;9730848986;S
20240301;101705;292.51;390;9730849273;B
20240301;101705;292.51;1000;9730849394;B
20240301;101707;292.51;10;9730849792;B
20240301;101707;292.51;50;9730849966;B
20240301;101708;292.51;130;9730850101;B
20240301;101709;292.5;10;9730850231;S
20240301;101709;292.5;10;9730850307;S
20240301;101710;292.51;60;9730850450;B
20240301;101711;292.5;10;9730850700;S
20240301;101711;292.51;20;9730850724;B
20240301;101714;292.51;310;9730851385;B
20240301;101714;292.51;70;9730851423;B
20240301;101715;292.51;50;9730851490;B
20240301;101717;292.5;10;9730851865;S
20240301;101720;292.51;230;9730852497;B
20240301;101720;292.51;100;9730852578;B
20240301;101721;292.51;30;9730852625;B
20240301;101724;292.5;10;9730853192;S
20240301;101724;292.5;160;9730853399;S
20240301;101725;292.51;20;9730853514;B
20240301;101725;292.51;10;9730853547;B
20240301;101726;292.51;90;9730853611;B
20240301;101726;292.5;10;9730853712;S
20240301;101726;292.51;120;9730853752;B
20240301;101727;292.5;150;9730853814;S
20240301;101727;292.51;30;9730853870;B
20240301;101730;292.5;60;9730854298;S
20240301;101731;292.5;10;9730854518;S
20240301;101732;292.51;20;9730854619;B
20240301;101735;292.5;10;9730855135;S
20240301;101735;292.5;300;9730855235;S
20240301;101736;292.51;500;9730855314;B
20240301;101737;292.5;100;9730855384;S
20240301;101737;292.5;6670;9730855475;S
20240301;101738;292.51;10;9730855609;B
20240301;101739;292.5;10;9730855711;S
20240301;101739;292.5;150;9730855784;S
20240301;101739;292.5;100;9730855856;S
20240301;101740;292.5;10;9730855969;S
20240301;101742;292.51;50;9730856353;B
20240301;101742;292.51;10;9730856436;B
20240301;101745;292.51;10;9730856876;B
20240301;101747;292.51;30;9730857246;B
20240301;101747;292.51;10;9730857342;B
20240301;101748;292.5;230;9730857500;S
20240301;101748;292.5;230;9730857505;S
20240301;101750;292.51;800;9730857992;B
20240301;101752;292.51;10;9730858343;B
20240301;101753;292.51;80;9730858670;B
20240301;101755;292.5;10;9730858949;S
20240301;101757;292.5;410;9730859294;S
20240301;101757;292.5;10;9730859324;S
20240301;101759;292.51;210;9730859615;B
20240301;101804;292.51;10;9730860384;B
20240301;101805;292.51;520;9730860429;B
20240301;101805;292.51;70;9730860454;B
20240301;101809;292.5;10;9730860897;S
20240301;101814;292.51;10;9730861870;B
20240301;101814;292.51;10;9730861928;B
20240301;101814;292.51;10;9730861938;B
20240301;101815;292.51;10;9730862080;B
20240301;101816;292.51;10;9730862192;B
20240301;101816;292.51;10;9730862263;B
20240301;101816;292.5;10;9730862306;S
20240301;101819;292.51;10;9730863170;B
20240301;101820;292.5;1010;9730863338;S
20240301;101820;292.51;10;9730863443;B
20240301;101820;292.5;10;9730863561;S
20240301;101822;292.5;2380;9730863974;S
20240301;101822;292.5;1000;9730863975;S
20240301;101822;292.5;50;9730863976;S
20240301;101822;292.5;10;9730863977;S
20240301;101822;292.5;100;9730863978;S
20240301;101822;292.5;10;9730863979;S
20240301;101822;292.5;60;9730863980;S
20240301;101822;292.5;600;9730863981;S
20240301;101822;292.5;70;9730863982;S
20240301;101822;292.5;10;9730863983;S
20240301;101822;292.5;40;9730863984;S
20240301;101822;292.5;20;9730863985;S
20240301;101822;292.5;10;9730863986;S
20240301;101822;292.5;10;9730863987;S
20240301;101822;292.5;40;9730863988;S
20240301;101822;292.5;10;9730863989;S
20240301;101822;292.5;100;9730863990;S
20240301;101822;292.5;10;9730863991;S
20240301;101822;292.5;10;9730863992;S
20240301;101822;292.5;10;9730863993;S
20240301;101822;292.5;10;9730863994;S
20240301;101822;292.5;500;9730863995;S
20240301;101822;292.5;10;9730863996;S
20240301;101822;292.49;70;9730863997;S
20240301;101822;292.49;170;9730863998;S
20240301;101822;292.49;1590;9730863999;S
20240301;101823;292.5;10;9730864418;B
20240301;101823;292.5;10;9730864609;B
20240301;101824;292.5;140;9730864687;B
20240301;101824;292.49;510;9730864735;S
20240301;101824;292.49;10;9730864736;S
20240301;101825;292.48;230;9730865099;S
20240301;101825;292.48;100;9730865100;S
20240301;101825;292.48;70;9730865101;S
20240301;101825;292.48;10;9730865102;S
20240301;101825;292.48;10;9730865103;S
20240301;101825;292.48;10;9730865104;S
20240301;101825;292.48;10;9730865105;S
20240301;101825;292.47;80;9730865110;S
20240301;101825;292.47;10;9730865111;S
20240301;101825;292.47;10;9730865112;S
20240301;101829;292.47;10;9730866323;B
20240301;101830;292.47;190;9730866550;B
20240301;101830;292.47;760;9730866551;B
20240301;101830;292.47;150;9730866578;B
20240301;101837;292.47;30;9730868352;B
20240301;101838;292.47;60;9730868803;B
20240301;101838;292.47;140;9730868804;B
20240301;101839;292.46;10;9730869129;S
20240301;101839;292.46;60;9730869130;S
20240301;101839;292.46;400;9730869131;S
20240301;101839;292.45;30;9730869132;S
20240301;101839;292.46;400;9730869133;B
20240301;101839;292.46;400;9730869136;S
20240301;101840;292.46;10;9730869275;B
20240301;101844;292.46;1120;9730870478;B
20240301;101846;292.46;40;9730870875;B
20240301;101846;292.46;10;9730870954;B
20240301;101851;292.45;400;9730872315;S
20240301;101851;292.45;100;9730872316;S
20240301;101853;292.46;20;9730872883;B
20240301;101854;292.46;780;9730873057;B
20240301;101857;292.45;10;9730873867;S
20240301;101857;292.45;40;9730874007;S
20240301;101858;292.46;10;9730874331;B
20240301;101901;292.46;20;9730875300;B
20240301;101902;292.46;10;9730875514;B
20240301;101902;292.46;220;9730875627;B
20240301;101903;292.46;30;9730875664;B
20240301;101903;292.46;10;9730875741;B
20240301;101903;292.46;190;9730875903;B
20240301;101904;292.46;10;9730876140;B
20240301;101904;292.46;10;9730876200;B
20240301;101907;292.46;10;9730877142;B
20240301;101907;292.46;20;9730877236;B
20240301;101908;292.46;10;9730877546;B
20240301;101909;292.45;20;9730877580;S
20240301;101909;292.45;110;9730877581;S
20240301;101909;292.46;220;9730877601;B
20240301;101909;292.46;1080;9730877602;B
20240301;101909;292.49;40;9730877648;S
20240301;101911;292.51;90;9730878097;B
20240301;101912;292.5;10;9730878170;S
20240301;101915;292.51;100;9730878901;B
20240301;101919;292.51;20;9730879620;B
20240301;101920;292.51;50;9730879811;B
20240301;101921;292.5;360;9730880107;S
20240301;101921;292.5;130;9730880194;S
20240301;101921;292.5;10;9730880195;S
20240301;101921;292.48;500;9730880196;S
20240301;101921;292.47;1030;9730880197;S
20240301;101921;292.47;350;9730880198;S
20240301;101921;292.47;500;9730880199;S
20240301;101921;292.47;70;9730880200;S
20240301;101921;292.46;1000;9730880201;S
20240301;101921;292.46;500;9730880202;S
20240301;101921;292.46;10;9730880203;S
20240301;101921;292.46;400;9730880204;S
20240301;101921;292.45;3500;9730880205;S
20240301;101921;292.48;50;9730880212;B
20240301;101923;292.49;20;9730880445;B
20240301;101923;292.49;20;9730880510;B
20240301;101926;292.49;40;9730880939;B
20240301;101926;292.46;1030;9730880947;S
20240301;101926;292.46;350;9730880948;S
20240301;101926;292.45;5610;9730880949;S
20240301;101927;292.47;10;9730881150;B
20240301;101928;292.47;390;9730881243;B
20240301;101928;292.47;1140;9730881244;B
20240301;101930;292.48;220;9730881658;S
20240301;101931;292.49;390;9730881710;B
20240301;101931;292.49;1500;9730881722;B
20240301;101931;292.5;500;9730881723;B
20240301;101931;292.5;20;9730881724;B
20240301;101931;292.51;1420;9730881725;B
20240301;101931;292.51;3500;9730881730;B
20240301;101933;292.51;3320;9730882064;B
20240301;101933;292.51;1080;9730882065;B
20240301;101933;292.51;890;9730882066;B
