<DATE>;<TIME>;<LAST>;<VOL>;<ID>;<OPER>
20240115;095944;276.45;10;9389173221;S
20240115;095944;276.45;10;9389173222;S
20240115;095944;276.45;30;9389173223;S
20240115;095944;276.45;50;9389173224;S
20240115;095944;276.45;30;9389173225;S
20240115;095944;276.45;440;9389173226;S
20240115;095944;276.45;90;9389173227;S
20240115;095944;276.45;1000;9389173228;S
20240115;095944;276.45;30;9389173229;S
20240115;095944;276.45;10;9389173230;S
20240115;095944;276.45;10;9389173231;S
20240115;095944;276.45;800;9389173232;S
20240115;095944;276.45;10;9389173233;S
20240115;095944;276.45;480;9389173234;S
20240115;095944;276.45;20;9389173235;S
20240115;095944;276.45;50;9389173236;S
20240115;095944;276.45;80;9389173237;S
20240115;095944;276.45;260;9389173238;S
20240115;095944;276.45;10;9389173239;S
20240115;095944;276.45;10;9389173240;S
20240115;095944;276.45;10;9389173241;S
20240115;095944;276.45;10;9389173242;S
20240115;095944;276.45;200;9389173243;S
20240115;095944;276.45;10;9389173244;S
20240115;095944;276.45;10;9389173245;S
20240115;095944;276.45;10;9389173246;S
20240115;095944;276.45;10;9389173247;S
20240115;095944;276.45;10;9389173248;S
20240115;095944;276.45;10;9389173249;S
20240115;095944;276.45;10;9389173250;S
20240115;095944;276.45;10;9389173251;S
20240115;095944;276.45;30;9389173252;S
20240115;095944;276.45;10;9389173253;S
20240115;095944;276.45;200;9389173254;S
20240115;095944;276.45;40;9389173255;S
20240115;095944;276.45;10;9389173256;S
20240115;095944;276.45;10;9389173257;S
20240115;095944;276.45;10;9389173258;S
20240115;095944;276.45;130;9389173259;S
20240115;095944;276.45;190;9389173260;S
20240115;095944;276.45;10;9389173261;S
20240115;095944;276.45;10;9389173262;S
20240115;095944;276.45;20;9389173263;S
20240115;095944;276.45;10;9389173264;S
20240115;095944;276.45;70;9389173265;S
20240115;095944;276.45;30;9389173266;S
20240115;095944;276.45;10;9389173267;S
20240115;095944;276.45;10;9389173268;S
20240115;095944;276.45;10;9389173269;S
20240115;095944;276.45;20;9389173270;S
20240115;095944;276.45;10;9389173271;S
20240115;095944;276.45;10;9389173272;S
20240115;095944;276.45;250;9389173273;S
20240115;095944;276.45;10;9389173274;S
20240115;095944;276.45;100;9389173275;S
20240115;095944;276.45;10;9389173276;S
20240115;095944;276.45;10;9389173277;S
20240115;095944;276.45;40;9389173278;S
20240115;095944;276.45;110;9389173279;S
20240115;095944;276.45;10;9389173280;B
20240115;095944;276.45;90;9389173281;B
20240115;095944;276.45;50;9389173282;B
20240115;095944;276.45;530;9389173283;B
20240115;095944;276.45;20;9389173284;B
20240115;095944;276.45;20;9389173285;B
20240115;095944;276.45;10;9389173286;B
20240115;095944;276.45;10;9389173287;B
20240115;095944;276.45;10;9389173288;B
20240115;095944;276.45;20;9389173289;B
20240115;095944;276.45;230;9389173290;B
20240115;095944;276.45;10;9389173291;B
20240115;095944;276.45;100;9389173292;B
20240115;095944;276.45;10;9389173293;B
20240115;095944;276.45;10;9389173294;B
20240115;095944;276.45;1000;9389173295;B
20240115;095944;276.45;20;9389173296;B
20240115;095944;276.45;50;9389173297;B
20240115;095944;276.45;20;9389173298;B
20240115;095944;276.45;1000;9389173299;B
20240115;095944;276.45;10;9389173300;B
20240115;095944;276.45;10;9389173301;B
20240115;095944;276.45;10;9389173302;B
20240115;095944;276.45;10;9389173303;B
20240115;095944;276.45;10;9389173304;B
20240115;095944;276.45;10;9389173305;B
20240115;095944;276.45;10;9389173306;B
20240115;095944;276.45;120;9389173307;B
20240115;095944;276.45;40;9389173308;B
20240115;095944;276.45;40;9389173309;B
20240115;095944;276.45;10;9389173310;B
20240115;095944;276.45;10;9389173311;B
20240115;095944;276.45;10;9389173312;B
20240115;095944;276.45;20;9389173313;B
20240115;095944;276.45;10;9389173314;B
20240115;095944;276.45;10;9389173315;B
20240115;095944;276.45;30;9389173316;B
20240115;095944;276.45;20;9389173317;B
20240115;095944;276.45;10;9389173318;B
20240115;095944;276.45;10;9389173319;B
20240115;095944;276.45;40;9389173320;B
20240115;095944;276.45;10;9389173321;B
20240115;095944;276.45;50;9389173322;B
20240115;095944;276.45;80;9389173323;B
20240115;095944;276.45;210;9389173324;B
20240115;095944;276.45;10;9389173325;B
20240115;095944;276.45;30;9389173326;B
20240115;095944;276.45;20;9389173327;B
20240115;095944;276.45;20;9389173328;S
20240115;095944;276.45;50;9389173329;S
20240115;095944;276.45;10;9389173330;S
20240115;095944;276.45;10000;9389173331;S
20240115;095944;276.45;10000;9389173332;S
20240115;095944;276.45;10000;9389173333;S
20240115;095944;276.45;10;9389173334;S
20240115;095944;276.45;10;9389173335;B
20240115;095944;276.45;10;9389173336;B
20240115;095944;276.45;2500;9389173337;B
20240115;095944;276.45;120;9389173338;S
20240115;095944;276.45;1000;9389173339;B
20240115;095944;276.45;10;9389173340;S
20240115;095944;276.45;100;9389173341;B
20240115;095944;276.45;120;9389173342;B
20240115;095944;276.45;500;9389173343;B
20240115;095944;276.45;10;9389173344;B
20240115;095944;276.45;60;9389173345;B
20240115;095944;276.45;20;9389173346;B
20240115;095944;276.45;30;9389173347;B
20240115;095944;276.45;10;9389173348;B
20240115;095944;276.45;10;9389173349;B
20240115;095944;276.45;20;9389173350;B
20240115;095944;276.45;10;9389173351;B
20240115;095944;276.45;20;9389173352;B
20240115;095944;276.45;20;9389173353;B
20240115;095944;276.45;2000;9389173354;B
20240115;095944;276.45;500;9389173355;B
20240115;095944;276.45;30;9389173356;B
20240115;095944;276.45;10;9389173357;B
20240115;095944;276.45;20;9389173358;B
20240115;095944;276.45;10;9389173359;B
20240115;095944;276.45;10;9389173360;B
20240115;095944;276.45;10;9389173361;B
20240115;095944;276.45;10;9389173362;B
20240115;095944;276.45;20;9389173363;B
20240115;095944;276.45;10;9389173364;B
20240115;095944;276.45;20;9389173365;B
20240115;095944;276.45;10;9389173366;B
20240115;095944;276.45;10;9389173367;B
20240115;095944;276.45;10;9389173368;B
20240115;095944;276.45;10;9389173369;B
20240115;095944;276.45;20;9389173370;B
20240115;095944;276.45;10;9389173371;B
20240115;095944;276.45;50;9389173372;B
20240115;095944;276.45;10;9389173373;B
20240115;095944;276.45;10;9389173374;B
20240115;095944;276.45;10;9389173375;B
20240115;095944;276.45;10;9389173376;B
20240115;095944;276.45;270;9389173377;B
20240115;095944;276.45;10;9389173378;B
20240115;095944;276.45;10;9389173379;B
20240115;095944;276.45;10;9389173380;B
20240115;095944;276.45;10;9389173381;B
20240115;095944;276.45;10;9389173382;B
20240115;095944;276.45;90;9389173383;B
20240115;095944;276.45;10;9389173384;B
20240115;095944;276.45;10;9389173385;B
20240115;095944;276.45;100;9389173386;B
20240115;095944;276.45;10;9389173387;B
20240115;095944;276.45;10;9389173388;B
20240115;095944;276.45;110;9389173389;B
20240115;095944;276.45;600;9389173390;B
20240115;095944;276.45;190;9389173391;B
20240115;095944;276.45;590;9389173392;B
20240115;095944;276.45;10;9389173393;B
20240115;095944;276.45;50;9389173394;B
20240115;095944;276.45;80;9389173395;B
20240115;095944;276.45;20;9389173396;B
20240115;095944;276.45;60;9389173397;B
20240115;095944;276.45;10;9389173398;B
20240115;095944;276.45;600;9389173399;B
20240115;095944;276.45;5000;9389173400;B
20240115;095944;276.45;10;9389173401;B
20240115;095944;276.45;100;9389173402;B
20240115;095944;276.45;90;9389173403;B
20240115;095944;276.45;110;9389173404;B
20240115;095944;276.45;10;9389173405;B
20240115;095944;276.45;10;9389173406;B
20240115;095944;276.45;20;9389173407;B
20240115;095944;276.45;40;9389173408;B
20240115;095944;276.45;30;9389173409;B
20240115;095944;276.45;70;9389173410;B
20240115;095944;276.45;10;9389173411;B
20240115;095944;276.45;50;9389173412;B
20240115;095944;276.45;10;9389173413;B
20240115;095944;276.45;10;9389173414;B
20240115;095944;276.45;10;9389173415;B
20240115;095944;276.45;10;9389173416;S
20240115;095944;276.45;10;9389173417;S
20240115;095944;276.45;10;9389173418;B
20240115;095944;276.45;1480;9389173419;B
20240115;095944;276.45;20;9389173420;B
20240115;095944;276.45;4580;9389173421;B
20240115;095944;276.45;30;9389173422;B
20240115;095944;276.45;20;9389173423;B
20240115;095944;276.45;400;9389173424;B
20240115;095944;276.45;10;9389173425;B
20240115;095944;276.45;10;9389173426;B
20240115;095944;276.45;10;9389173427;B
20240115;095944;276.45;30;9389173428;B
20240115;095944;276.45;10;9389173429;B
20240115;095944;276.45;10;9389173430;B
20240115;095944;276.45;10;9389173431;B
20240115;095944;276.45;20;9389173432;B
20240115;095944;276.45;20;9389173433;B
20240115;095944;276.45;60;9389173434;B
20240115;095944;276.45;10;9389173435;B
20240115;095944;276.45;10;9389173436;B
20240115;095944;276.45;200;9389173437;B
20240115;095944;276.45;20;9389173438;B
20240115;095944;276.45;10;9389173439;S
20240115;095944;276.45;90;9389173440;B
20240115;095944;276.45;10;9389173441;B
20240115;095944;276.45;300;9389173442;B
20240115;095944;276.45;10;9389173443;B
20240115;095944;276.45;10;9389173444;B
20240115;095944;276.45;20;9389173445;B
20240115;095944;276.45;890;9389173446;B
20240115;095944;276.45;10;9389173447;B
20240115;095944;276.45;10;9389173448;B
20240115;095944;276.45;10;9389173449;B
20240115;095944;276.45;300;9389173450;B
20240115;095944;276.45;200;9389173451;B
20240115;095944;276.45;60;9389173452;B
20240115;095944;276.45;510;9389173453;B
20240115;095944;276.45;1000;9389173454;B
20240115;095944;276.45;180;9389173455;B
20240115;095944;276.45;60;9389173456;B
20240115;095944;276.45;1000;9389173457;B
20240115;095944;276.45;350;9389173458;B
20240115;095944;276.45;20;9389173459;B
20240115;095944;276.45;3000;9389173460;S
20240115;095944;276.45;130;9389173461;B
20240115;095944;276.45;10;9389173462;B
20240115;095944;276.45;650;9389173463;B
20240115;095944;276.45;10;9389173464;B
20240115;095944;276.45;250;9389173465;B
20240115;095944;276.45;30;9389173466;B
20240115;095944;276.45;180;9389173467;B
20240115;095944;276.45;10;9389173468;B
20240115;095944;276.45;9000;9389173469;S
20240115;095944;276.45;10;9389173470;B
20240115;095944;276.45;250;9389173471;B
20240115;095944;276.45;20;9389173472;B
20240115;095944;276.45;80;9389173473;B
20240115;095944;276.45;40;9389173474;B
20240115;095944;276.45;100;9389173475;B
20240115;095944;276.45;1000;9389173476;B
20240115;095944;276.45;10;9389173477;B
20240115;095944;276.45;10;9389173478;B
20240115;095944;276.45;50;9389173479;B
20240115;095944;276.45;180;9389173480;B
20240115;095944;276.45;30;9389173481;B
20240115;095944;276.45;500;9389173482;B
20240115;095944;276.45;30;9389173483;B
20240115;095944;276.45;10;9389173484;B
20240115;095944;276.45;30;9389173485;B
20240115;095944;276.45;540;9389173486;B
20240115;095944;276.45;10;9389173487;B
20240115;095944;276.45;1000;9389173488;B
20240115;095944;276.45;100;9389173489;B
20240115;095944;276.45;180;9389173490;B
20240115;095944;276.45;100;9389173491;B
20240115;095944;276.45;1000;9389173492;B
20240115;095944;276.45;100;9389173493;B
20240115;095944;276.45;10;9389173494;B
20240115;095944;276.45;5000;9389173495;B
20240115;095944;276.45;1000;9389173496;B
20240115;095944;276.45;100;9389173497;B
20240115;095944;276.45;1000;9389173498;B
20240115;095944;276.45;100;9389173499;B
20240115;095944;276.45;50;9389173500;B
20240115;095944;276.45;5000;9389173501;B
20240115;095944;276.45;500;9389173502;B
20240115;095944;276.45;20;9389173503;B
20240115;095944;276.45;160;9389173504;B
20240115;095944;276.45;100;9389173505;B
20240115;095944;276.45;10;9389173506;B
20240115;095944;276.45;9810;9389173507;S
20240115;095944;276.45;10;9389173508;S
20240115;095944;276.45;10;9389173509;S
20240115;095944;276.45;50;9389173510;S
20240115;095944;276.45;20;9389173511;S
20240115;095944;276.45;370;9389173512;S
20240115;095944;276.45;10;9389173513;S
20240115;095944;276.45;10;9389173514;S
20240115;095944;276.45;10;9389173515;S
20240115;095944;276.45;10;9389173516;S
20240115;095944;276.45;10;9389173517;B
20240115;095944;276.45;710;9389173518;S
20240115;095944;276.45;10;9389173519;S
20240115;095944;276.45;3000;9389173520;S
20240115;095944;276.45;500;9389173521;S
20240115;095944;276.45;10;9389173522;S
20240115;095944;276.45;10;9389173523;S
20240115;095944;276.45;980;9389173524;S
20240115;100000;276.3;10;9389179848;S
20240115;100000;276.2;100;9389179921;S
20240115;100000;276.2;100;9389179939;S
20240115;100000;276.2;160;9389179943;S
20240115;100000;276.15;30;9389180014;S
20240115;100000;276.15;470;9389180092;B
20240115;100000;276.15;140;9389180093;B
20240115;100000;276.15;670;9389180095;S
20240115;100000;276.14;30;9389180096;S
20240115;100000;276.26;400;9389180116;B
20240115;100000;276.27;700;9389180117;B
20240115;100000;276.28;700;9389180118;B
20240115;100000;276.29;600;9389180119;B
20240115;100000;276.29;700;9389180120;B
20240115;100000;276.29;100;9389180121;B
20240115;100000;276.29;300;9389180122;B
20240115;100000;276.29;4500;9389180123;B
20240115;100000;276.29;100;9389180124;B
20240115;100000;276.29;100;9389180125;B
20240115;100000;276.3;90;9389180126;B
20240115;100000;276.3;900;9389180127;B
20240115;100000;276.3;600;9389180128;B
20240115;100000;276.3;700;9389180129;B
20240115;100000;276.3;100;9389180145;S
20240115;100000;276.3;700;9389180161;S
20240115;100000;276.31;800;9389180166;B
20240115;100000;276.31;200;9389180167;B
20240115;100000;276.31;180;9389180181;B
20240115;100000;276.3;100;9389180184;S
20240115;100000;276.3;2920;9389180191;S
20240115;100000;276.31;320;9389180210;B
20240115;100000;276.31;300;9389180311;S
20240115;100000;276.31;100;9389180325;S
20240115;100000;276.31;400;9389180326;S
20240115;100000;276.31;120;9389180331;S
20240115;100000;276.31;1280;9389180332;S
20240115;100000;276.31;20;9389180380;S
20240115;100000;276.31;380;9389180512;S
20240115;100000;276.31;1890;9389180513;S
20240115;100000;276.31;700;9389180514;S
20240115;100000;276.3;25630;9389180515;S
20240115;100000;276.37;10;9389180532;B
20240115;100000;276.36;20;9389180562;B
20240115;100000;276.31;10;9389180753;S
20240115;100000;276.36;10;9389180764;B
20240115;100000;276.31;200;9389180782;S
20240115;100000;276.31;800;9389180792;S
20240115;100000;276.31;100;9389180812;S
20240115;100000;276.36;70;9389180813;B
20240115;100000;276.36;330;9389180814;B
20240115;100000;276.36;400;9389180815;B
20240115;100000;276.38;1000;9389180816;B
20240115;100000;276.39;700;9389180817;B
20240115;100000;276.39;350;9389180818;B
20240115;100000;276.4;700;9389180819;B
20240115;100000;276.41;700;9389180820;B
20240115;100000;276.42;700;9389180821;B
20240115;100000;276.43;50;9389180822;B
20240115;100000;276.31;100;9389180826;S
20240115;100000;276.32;100;9389180833;S
20240115;100000;276.33;1000;9389180837;S
20240115;100000;276.33;100;9389180843;S
20240115;100000;276.33;100;9389180846;S
20240115;100000;276.35;10;9389180856;B
20240115;100000;276.33;500;9389180892;S
20240115;100000;276.33;100;9389180895;S
20240115;100000;276.33;100;9389180896;S
20240115;100000;276.33;100;9389180897;S
20240115;100000;276.33;100;9389180898;S
20240115;100000;276.33;100;9389180900;S
20240115;100000;276.33;10;9389180951;S
20240115;100001;276.38;80;9389181020;B
20240115;100001;276.34;150;9389181093;S
20240115;100001;276.34;500;9389181102;S
20240115;100001;276.34;100;9389181104;S
20240115;100001;276.34;200;9389181117;S
20240115;100001;276.34;100;9389181118;S
20240115;100001;276.34;100;9389181119;S
20240115;100001;276.34;280;9389181121;S
20240115;100001;276.33;100;9389181176;S
20240115;100001;276.34;100;9389181178;B
20240115;100001;276.35;1400;9389181179;B
20240115;100001;276.33;100;9389181185;S
20240115;100001;276.34;720;9389181191;S
20240115;100001;276.35;10;9389181192;B
20240115;100001;276.34;100;9389181199;S
20240115;100001;276.34;100;9389181205;S
20240115;100001;276.34;510;9389181208;S
20240115;100001;276.34;400;9389181209;S
20240115;100001;276.34;90;9389181210;S
20240115;100001;276.32;100;9389181213;S
20240115;100001;276.34;100;9389181255;S
20240115;100001;276.34;100;9389181258;S
20240115;100001;276.35;10;9389181297;B
20240115;100001;276.35;200;9389181302;B
20240115;100001;276.34;360;9389181309;S
20240115;100001;276.34;10;9389181314;S
20240115;100001;276.33;200;9389181416;S
20240115;100001;276.35;1330;9389181448;B
20240115;100001;276.35;10;9389181462;S
20240115;100001;276.42;370;9389181508;B
20240115;100001;276.42;370;9389181509;B
20240115;100001;276.43;260;9389181510;B
20240115;100001;276.39;400;9389181530;S
20240115;100001;276.39;200;9389181531;S
20240115;100001;276.39;10;9389181540;S
20240115;100001;276.38;100;9389181555;S
20240115;100001;276.42;100;9389181644;B
20240115;100001;276.38;10;9389181649;S
20240115;100001;276.38;2000;9389181690;S
20240115;100001;276.37;1500;9389181691;S
20240115;100002;276.41;90;9389181781;B
20240115;100002;276.41;100;9389181829;B
20240115;100002;276.4;100;9389181831;S
20240115;100002;276.4;100;9389181832;S
20240115;100002;276.36;200;9389181835;S
20240115;100002;276.36;400;9389181837;S
20240115;100002;276.36;300;9389181838;S
20240115;100002;276.36;1700;9389181867;S
20240115;100002;276.35;100;9389181868;S
20240115;100002;276.41;100;9389181911;B
20240115;100002;276.41;50;9389181993;B
20240115;100002;276.41;80;9389182010;B
20240115;100002;276.41;170;9389182021;B
20240115;100002;276.42;370;9389182022;B
20240115;100002;276.42;370;9389182023;B
20240115;100002;276.42;2870;9389182024;B
20240115;100002;276.43;1890;9389182025;B
20240115;100002;276.46;1000;9389182026;B
20240115;100002;276.46;100;9389182027;B
20240115;100002;276.46;700;9389182028;B
20240115;100002;276.47;100;9389182029;B
20240115;100002;276.47;700;9389182030;B
20240115;100002;276.48;20;9389182031;B
20240115;100002;276.48;1000;9389182032;B
20240115;100002;276.48;100;9389182033;B
20240115;100002;276.48;10;9389182034;B
20240115;100002;276.48;20;9389182035;B
20240115;100002;276.48;580;9389182036;B
20240115;100002;276.46;30;9389182064;B
20240115;100002;276.41;60;9389182073;S
20240115;100002;276.41;1980;9389182094;S
20240115;100002;276.41;2000;9389182095;S
20240115;100002;276.39;1020;9389182096;S
20240115;100002;276.41;100;9389182162;S
20240115;100002;276.4;10;9389182199;S
20240115;100002;276.43;20;9389182242;B
20240115;100002;276.42;10;9389182268;B
20240115;100002;276.42;10;9389182323;B
20240115;100002;276.42;10;9389182339;B
20240115;100002;276.4;80;9389182398;S
20240115;100002;276.4;10;9389182411;S
20240115;100003;276.4;900;9389182521;S
20240115;100003;276.4;500;9389182531;S
20240115;100003;276.42;200;9389182738;B
20240115;100003;276.42;200;9389182862;B
20240115;100003;276.43;300;9389182863;B
20240115;100003;276.43;400;9389183028;B
20240115;100003;276.44;30;9389183029;B
20240115;100003;276.43;370;9389183091;B
20240115;100003;276.43;400;9389183092;B
20240115;100003;276.44;220;9389183093;B
20240115;100003;276.45;370;9389183094;B
20240115;100003;276.46;1650;9389183095;B
20240115;100003;276.48;900;9389183096;B
20240115;100003;276.49;10;9389183097;B
20240115;100003;276.49;80;9389183098;B
20240115;100003;276.48;200;9389183232;B
20240115;100003;276.47;20;9389183265;B
20240115;100004;276.4;10;9389183294;S
20240115;100004;276.48;100;9389183346;B
20240115;100004;276.49;20;9389183369;B
20240115;100004;276.49;80;9389183370;B
20240115;100004;276.49;10;9389183372;B
20240115;100004;276.49;10;9389183395;B
20240115;100004;276.48;20;9389183409;B
20240115;100004;276.48;10;9389183466;B
20240115;100004;276.48;10;9389183645;B
20240115;100004;276.46;250;9389183857;S
20240115;100004;276.45;20;9389183858;S
20240115;100004;276.44;1730;9389183859;S
20240115;100005;276.44;10;9389184338;S
20240115;100005;276.48;20;9389184341;B
20240115;100005;276.48;10;9389184344;B
20240115;100005;276.48;20;9389184351;B
20240115;100005;276.48;10;9389184353;B
20240115;100005;276.48;10;9389184356;B
20240115;100005;276.48;10;9389184360;B
20240115;100005;276.44;10;9389184362;S
20240115;100005;276.48;10;9389184367;B
20240115;100005;276.48;70;9389184369;B
20240115;100005;276.48;190;9389184378;B
20240115;100005;276.49;900;9389184379;B
20240115;100005;276.49;20;9389184380;B
20240115;100005;276.49;230;9389184381;B
20240115;100005;276.5;500;9389184382;B
20240115;100005;276.5;60;9389184383;B
20240115;100005;276.5;1100;9389184384;B
20240115;100005;276.49;10;9389184611;B
20240115;100005;276.44;30;9389184726;S
20240115;100005;276.46;10;9389184817;B
20240115;100005;276.49;10;9389184818;B
20240115;100005;276.44;30;9389184819;S
20240115;100005;276.49;10;9389184820;B
20240115;100005;276.44;60;9389184822;S
20240115;100005;276.49;10;9389184823;B
20240115;100005;276.44;30;9389184824;S
20240115;100005;276.44;160;9389184825;S
20240115;100005;276.44;10;9389185038;S
20240115;100005;276.43;320;9389185039;S
20240115;100005;276.44;20;9389185042;S
20240115;100005;276.49;10;9389185044;B
20240115;100005;276.49;10;9389185045;B
20240115;100005;276.43;2430;9389185218;S
20240115;100005;276.43;70;9389185219;S
20240115;100005;276.44;10;9389185571;S
20240115;100006;276.43;10;9389185952;S
20240115;100006;276.49;10;9389185957;B
20240115;100006;276.48;10;9389185959;B
20240115;100006;276.48;10;9389185960;B
20240115;100006;276.48;20;9389185961;B
20240115;100006;276.48;10;9389185962;B
20240115;100006;276.49;20;9389185965;B
20240115;100006;276.49;20;9389185970;B
20240115;100006;276.49;10;9389185971;B
20240115;100006;276.43;10;9389185972;S
20240115;100006;276.49;10;9389185977;B
20240115;100006;276.43;10;9389185979;S
20240115;100006;276.49;10;9389185980;B
20240115;100006;276.49;10;9389185981;B
20240115;100006;276.47;10;9389186411;S
20240115;100006;276.43;190;9389186412;S
20240115;100006;276.43;40;9389186450;S
20240115;100006;276.43;10;9389186501;S
20240115;100006;276.49;20;9389186507;B
20240115;100006;276.48;10;9389186512;B
20240115;100006;276.49;20;9389186518;B
20240115;100006;276.43;20;9389186522;S
20240115;100006;276.49;10;9389186529;B
20240115;100006;276.49;10;9389186579;B
20240115;100006;276.49;10;9389186582;B
20240115;100006;276.49;10;9389186590;B
20240115;100006;276.43;10;9389186596;S
20240115;100006;276.43;10;9389186599;S
20240115;100006;276.49;10;9389186602;B
20240115;100006;276.43;10;9389186609;S
20240115;100006;276.43;10;9389186611;S
20240115;100006;276.48;10;9389186616;B
20240115;100006;276.49;10;9389186623;B
20240115;100006;276.49;10;9389186628;B
20240115;100006;276.49;10;9389186633;B
20240115;100006;276.43;10;9389186641;S
20240115;100006;276.49;20;9389186644;B
20240115;100006;276.43;10;9389186653;S
20240115;100006;276.49;10;9389186656;B
20240115;100006;276.49;10;9389186659;B
20240115;100006;276.49;10;9389186668;B
20240115;100006;276.49;10;9389186673;B
20240115;100006;276.49;340;9389186681;B
20240115;100006;276.49;10;9389186682;B
20240115;100006;276.43;10;9389187181;S
20240115;100006;276.45;10;9389187182;B
20240115;100006;276.45;20;9389187185;B
20240115;100006;276.48;30;9389187186;B
20240115;100006;276.43;60;9389187191;S
20240115;100006;276.43;10;9389187193;S
20240115;100006;276.43;10;9389187194;S
20240115;100006;276.43;10;9389187195;S
20240115;100006;276.48;340;9389187366;B
20240115;100006;276.48;400;9389187367;B
20240115;100006;276.49;260;9389187368;B
20240115;100006;276.43;100;9389187574;S
20240115;100006;276.48;10;9389187801;B
20240115;100006;276.48;10;9389187805;B
20240115;100006;276.48;10;9389187810;B
20240115;100006;276.48;20;9389187811;B
20240115;100006;276.48;10;9389187812;B
20240115;100006;276.48;10;9389187813;B
20240115;100006;276.43;1150;9389187942;S
20240115;100006;276.43;250;9389187943;S
20240115;100006;276.42;880;9389187973;S
20240115;100006;276.46;10;9389188026;B
20240115;100006;276.42;20;9389188051;S
20240115;100006;276.42;20;9389188052;S
20240115;100006;276.45;10;9389188053;B
20240115;100006;276.42;240;9389188055;S
20240115;100006;276.45;10;9389188056;B
20240115;100006;276.42;10;9389188065;S
20240115;100006;276.44;180;9389188066;B
20240115;100006;276.44;10;9389188068;B
20240115;100006;276.44;50;9389188141;B
20240115;100006;276.43;10;9389188231;B
20240115;100006;276.42;10;9389188232;S
20240115;100006;276.42;10;9389188233;S
20240115;100006;276.43;30;9389188243;B
20240115;100006;276.43;10;9389188244;B
20240115;100006;276.42;10;9389188245;S
20240115;100006;276.43;10;9389188246;B
20240115;100006;276.42;10;9389188247;S
20240115;100006;276.42;80;9389188248;S
20240115;100006;276.42;10;9389188249;S
20240115;100006;276.42;10;9389188250;S
20240115;100006;276.42;10;9389188251;S
20240115;100006;276.43;10;9389188252;B
20240115;100006;276.43;70;9389188253;B
20240115;100007;276.43;10;9389188606;B
20240115;100007;276.41;250;9389188607;S
20240115;100007;276.41;950;9389188608;S
20240115;100007;276.43;10;9389188609;B
20240115;100007;276.41;60;9389188610;S
20240115;100007;276.43;10;9389188611;B
20240115;100007;276.41;10;9389188612;S
20240115;100007;276.41;10;9389188613;S
20240115;100007;276.43;10;9389188615;B
20240115;100007;276.43;50;9389188617;B
20240115;100007;276.43;10;9389188619;B
20240115;100007;276.43;100;9389188868;B
20240115;100007;276.43;200;9389188869;B
20240115;100007;276.43;370;9389188870;B
20240115;100007;276.44;330;9389188871;B
20240115;100007;276.4;50;9389188885;S
20240115;100007;276.4;10;9389188886;S
20240115;100007;276.4;10;9389188888;S
20240115;100007;276.4;10;9389188889;S
20240115;100007;276.44;10;9389188892;B
20240115;100007;276.44;10;9389188894;B
20240115;100007;276.44;10;9389188895;B
20240115;100007;276.44;10;9389188898;B
20240115;100007;276.44;10;9389188899;B
20240115;100007;276.4;10;9389188901;S
20240115;100007;276.44;30;9389188902;B
20240115;100007;276.44;100;9389188903;B
20240115;100007;276.41;30;9389188908;S
20240115;100007;276.41;10;9389189056;S
20240115;100007;276.41;200;9389189401;S
20240115;100007;276.4;160;9389189880;S
20240115;100007;276.4;40;9389189881;S
20240115;100007;276.44;10;9389190286;B
20240115;100007;276.44;10;9389190442;B
20240115;100007;276.4;200;9389190443;S
20240115;100007;276.44;70;9389190444;B
20240115;100007;276.44;10;9389190445;B
20240115;100007;276.44;30;9389190446;B
20240115;100007;276.44;30;9389190447;B
20240115;100007;276.4;10;9389190448;S
20240115;100007;276.41;20;9389190450;S
20240115;100007;276.41;70;9389190451;S
20240115;100007;276.41;10;9389190452;S
20240115;100007;276.44;10;9389190453;B
20240115;100007;276.44;10;9389190454;B
20240115;100007;276.41;10;9389190455;S
20240115;100007;276.41;30;9389190456;S
20240115;100007;276.41;20;9389190458;S
20240115;100007;276.4;130;9389190459;S
20240115;100008;276.4;10;9389190547;S
20240115;100008;276.4;200;9389190590;S
20240115;100008;276.4;10;9389190964;S
20240115;100008;276.44;10;9389190970;B
20240115;100008;276.4;20;9389190974;S
20240115;100008;276.44;10;9389190976;B
20240115;100008;276.4;20;9389190978;S
20240115;100008;276.44;60;9389190982;B
20240115;100008;276.44;10;9389190987;B
20240115;100008;276.4;10;9389190990;S
20240115;100008;276.44;10;9389190994;B
20240115;100008;276.44;490;9389190998;B
20240115;100008;276.45;10;9389190999;B
20240115;100008;276.45;10;9389191003;B
20240115;100008;276.45;40;9389191066;B
20240115;100008;276.45;10;9389191088;B
20240115;100008;276.45;10;9389191103;B
20240115;100008;276.45;10;9389191111;B
20240115;100008;276.45;10;9389191120;B
20240115;100008;276.45;270;9389191132;B
20240115;100008;276.45;90;9389191133;B
20240115;100008;276.4;10;9389191144;S
20240115;100008;276.45;250;9389191154;B
20240115;100008;276.4;200;9389191201;S
20240115;100008;276.41;200;9389191671;S
20240115;100008;276.41;10;9389191685;S
20240115;100008;276.44;20;9389191687;B
20240115;100008;276.41;10;9389191699;S
20240115;100008;276.44;10;9389191713;B
20240115;100008;276.44;10;9389191715;B
20240115;100008;276.44;10;9389191720;B
20240115;100008;276.41;10;9389191724;S
20240115;100008;276.44;10;9389191728;B
20240115;100008;276.44;30;9389191731;B
20240115;100008;276.44;10;9389191733;B
20240115;100008;276.42;100;9389191736;S
20240115;100008;276.41;50;9389191737;S
20240115;100008;276.44;10;9389191740;B
20240115;100008;276.47;50;9389191744;B
20240115;100008;276.47;10;9389191746;B
20240115;100008;276.47;20;9389191753;B
20240115;100008;276.46;10;9389191755;B
20240115;100008;276.44;10;9389191781;B
20240115;100008;276.44;20;9389191786;B
20240115;100008;276.41;10;9389191790;S
20240115;100008;276.44;10;9389191792;B
20240115;100008;276.41;20;9389191795;S
20240115;100008;276.41;410;9389191798;S
20240115;100008;276.4;680;9389191799;S
20240115;100008;276.44;10;9389191802;B
20240115;100008;276.44;10;9389191805;B
20240115;100008;276.44;10;9389191806;B
20240115;100008;276.44;300;9389191809;B
20240115;100008;276.45;240;9389191810;B
20240115;100008;276.42;200;9389192020;S
20240115;100008;276.42;100;9389192280;S
20240115;100008;276.44;20;9389192445;B
20240115;100008;276.44;10;9389192447;B
20240115;100008;276.44;10;9389192449;B
20240115;100008;276.41;10;9389192450;S
20240115;100008;276.44;10;9389192451;B
20240115;100008;276.41;70;9389192452;S
20240115;100008;276.41;10;9389192455;S
20240115;100008;276.44;10;9389192456;B
20240115;100008;276.44;10;9389192458;B
20240115;100008;276.44;10;9389192460;B
20240115;100009;276.42;70;9389192814;B
20240115;100009;276.42;10;9389192870;B
20240115;100009;276.41;200;9389192898;S
20240115;100009;276.41;20;9389192984;S
20240115;100009;276.41;20;9389192987;S
20240115;100009;276.41;10;9389192990;S
20240115;100009;276.42;80;9389192992;B
20240115;100009;276.42;10;9389192998;B
20240115;100009;276.41;10;9389193001;S
20240115;100009;276.41;10;9389193003;S
20240115;100009;276.42;10;9389193005;B
20240115;100009;276.41;10;9389193009;S
20240115;100009;276.41;50;9389193010;S
20240115;100009;276.42;20;9389193012;B
20240115;100009;276.45;350;9389193013;B
20240115;100009;276.41;100;9389193044;S
20240115;100009;276.44;10;9389193086;B
20240115;100009;276.4;10;9389193089;S
20240115;100009;276.44;20;9389193092;B
20240115;100009;276.44;20;9389193096;B
20240115;100009;276.44;10;9389193099;B
20240115;100009;276.44;10;9389193100;B
20240115;100009;276.4;10;9389193105;S
20240115;100009;276.44;10;9389193107;B
20240115;100009;276.41;150;9389193109;S
20240115;100009;276.44;10;9389193111;B
20240115;100009;276.44;10;9389193113;B
20240115;100009;276.41;10;9389193117;S
20240115;100009;276.44;60;9389193119;B
20240115;100009;276.44;100;9389193121;B
20240115;100009;276.4;10;9389193123;S
20240115;100009;276.45;10;9389193125;B
20240115;100009;276.45;20;9389193128;B
20240115;100009;276.45;10;9389193138;B
20240115;100009;276.41;10;9389193262;B
20240115;100009;276.4;30;9389193325;S
20240115;100009;276.4;50;9389193519;S
20240115;100009;276.41;10;9389193856;B
20240115;100009;276.4;10;9389193858;S
20240115;100009;276.41;10;9389193859;B
20240115;100009;276.41;10;9389193860;B
20240115;100009;276.41;10;9389193861;B
20240115;100009;276.41;10;9389193862;B
20240115;100009;276.4;130;9389193863;S
20240115;100009;276.41;10;9389193864;B
20240115;100009;276.41;10;9389193865;B
20240115;100009;276.41;10;9389193866;B
20240115;100009;276.4;40;9389193867;S
20240115;100010;276.4;560;9389193868;S
20240115;100010;276.4;10;9389193869;S
20240115;100010;276.4;7600;9389193965;S
20240115;100010;276.4;1400;9389193966;S
20240115;100010;276.36;110;9389193979;S
20240115;100010;276.36;200;9389193980;S
20240115;100010;276.36;200;9389193981;S
20240115;100010;276.39;10;9389194000;B
20240115;100010;276.38;370;9389194005;B
20240115;100010;276.4;810;9389194006;B
20240115;100010;276.37;10;9389194038;S
20240115;100010;276.44;10;9389194039;B
20240115;100010;276.41;10;9389194091;B
20240115;100010;276.36;150;9389194110;S
20240115;100010;276.41;10;9389194115;B
20240115;100010;276.41;10;9389194121;B
20240115;100010;276.41;130;9389194124;B
20240115;100010;276.41;10;9389194125;B
20240115;100010;276.4;80;9389194151;B
20240115;100010;276.4;10;9389194216;B
20240115;100010;276.4;50;9389194277;B
20240115;100010;276.4;20;9389194281;B
20240115;100010;276.4;20;9389194317;B
20240115;100010;276.4;10;9389194321;B
20240115;100010;276.34;700;9389194328;S
20240115;100010;276.33;700;9389194329;S
20240115;100010;276.33;20;9389194330;S
20240115;100010;276.36;10;9389194343;S
20240115;100010;276.39;10;9389194369;B
20240115;100011;276.39;70;9389194408;B
20240115;100011;276.4;10;9389194497;B
20240115;100011;276.37;10;9389194503;S
20240115;100011;276.37;370;9389194505;S
20240115;100011;276.36;130;9389194506;S
20240115;100011;276.36;10;9389194507;S
20240115;100011;276.4;20;9389194615;B
20240115;100011;276.41;100;9389194616;B
20240115;100011;276.42;140;9389194642;B
20240115;100011;276.42;230;9389194653;B
20240115;100011;276.44;10;9389194716;B
20240115;100011;276.42;10;9389194738;B
20240115;100011;276.42;10;9389194763;B
20240115;100011;276.37;70;9389194767;S
20240115;100011;276.36;520;9389194768;S
20240115;100011;276.42;10;9389194782;B
20240115;100011;276.38;10;9389194801;B
20240115;100011;276.38;40;9389194807;B
20240115;100012;276.37;10;9389194869;B
20240115;100012;276.39;240;9389194909;B
20240115;100012;276.39;10;9389194923;B
20240115;100012;276.39;660;9389194973;B
20240115;100012;276.41;400;9389194974;B
20240115;100012;276.42;1090;9389194975;B
20240115;100012;276.42;370;9389194976;B
20240115;100012;276.43;980;9389194977;B
20240115;100012;276.34;30;9389194985;S
20240115;100012;276.37;30;9389195007;B
20240115;100012;276.34;70;9389195026;S
20240115;100012;276.41;20;9389195079;B
20240115;100012;276.34;400;9389195080;S
20240115;100012;276.41;180;9389195083;B
20240115;100012;276.41;200;9389195106;B
20240115;100012;276.41;830;9389195107;B
20240115;100012;276.4;380;9389195129;S
20240115;100012;276.39;1090;9389195134;S
20240115;100012;276.38;120;9389195137;S
20240115;100012;276.38;100;9389195139;S
20240115;100012;276.41;10;9389195204;B
20240115;100012;276.36;400;9389195319;S
20240115;100012;276.36;10;9389195320;S
20240115;100012;276.4;400;9389195371;B
20240115;100012;276.41;3100;9389195372;B
20240115;100012;276.41;10;9389195382;B
20240115;100012;276.36;10;9389195386;S
20240115;100012;276.4;400;9389195403;S
20240115;100012;276.4;20;9389195409;S
20240115;100013;276.44;120;9389195445;B
20240115;100013;276.42;100;9389195453;S
20240115;100013;276.42;100;9389195471;S
20240115;100013;276.42;200;9389195492;S
20240115;100013;276.43;70;9389195516;B
20240115;100013;276.41;3140;9389195571;S
20240115;100013;276.4;10;9389195596;B
20240115;100013;276.31;700;9389195621;S
20240115;100013;276.31;900;9389195622;S
20240115;100013;276.36;50;9389195639;B
20240115;100013;276.31;50;9389195642;S
20240115;100013;276.36;90;9389195645;B
20240115;100013;276.37;130;9389195710;B
20240115;100013;276.37;40;9389195719;B
20240115;100013;276.36;400;9389195810;S
20240115;100014;276.33;50;9389195913;S
20240115;100014;276.37;50;9389196008;B
20240115;100014;276.38;250;9389196009;B
20240115;100015;276.35;40;9389196313;B
20240115;100016;276.31;360;9389196500;S
20240115;100016;276.31;50;9389196507;S
20240115;100016;276.31;240;9389196511;S
20240115;100016;276.31;400;9389196512;S
20240115;100016;276.3;6860;9389196513;S
20240115;100016;276.31;700;9389196520;S
20240115;100016;276.3;3200;9389196521;S
20240115;100016;276.3;1700;9389196522;S
20240115;100016;276.34;1090;9389196524;B
20240115;100016;276.34;400;9389196525;B
20240115;100016;276.35;130;9389196526;B
20240115;100016;276.35;370;9389196527;B
20240115;100016;276.35;2460;9389196528;B
20240115;100016;276.36;550;9389196529;B
20240115;100016;276.37;10;9389196577;B
20240115;100016;276.36;2370;9389196579;S
20240115;100017;276.37;90;9389196661;B
20240115;100017;276.37;70;9389196662;B
20240115;100017;276.37;10;9389196782;B
20240115;100017;276.33;400;9389196885;S
20240115;100017;276.33;700;9389196886;S
20240115;100018;276.32;10;9389197140;S
20240115;100019;276.32;240;9389197272;S
20240115;100019;276.32;700;9389197273;S
20240115;100019;276.31;700;9389197298;S
20240115;100019;276.31;400;9389197299;S
20240115;100019;276.31;700;9389197300;S
20240115;100019;276.3;400;9389197301;S
20240115;100019;276.3;1500;9389197302;S
20240115;100019;276.31;400;9389197303;S
20240115;100019;276.31;700;9389197304;S
20240115;100019;276.31;400;9389197305;S
20240115;100019;276.31;830;9389197306;S
20240115;100019;276.31;400;9389197307;S
20240115;100019;276.3;270;9389197308;S
20240115;100019;276.31;100;9389197309;B
20240115;100020;276.33;900;9389197397;B
20240115;100020;276.39;500;9389197398;B
20240115;100020;276.4;10;9389197399;B
20240115;100020;276.4;370;9389197400;B
20240115;100020;276.4;1090;9389197401;B
20240115;100020;276.4;330;9389197402;B
20240115;100020;276.31;300;9389197479;S
20240115;100020;276.31;20;9389197480;S
20240115;100020;276.3;2900;9389197481;S
20240115;100020;276.31;340;9389197547;S
20240115;100020;276.3;9660;9389197548;S
20240115;100020;276.33;670;9389197579;B
20240115;100020;276.34;330;9389197580;B
20240115;100021;276.31;200;9389197643;S
20240115;100021;276.3;3570;9389197663;S
20240115;100021;276.3;6430;9389197664;S
20240115;100021;276.3;8570;9389197849;S
20240115;100022;276.26;350;9389197869;S
20240115;100023;276.26;880;9389198258;S
20240115;100023;276.27;50;9389198287;B
20240115;100024;276.26;1500;9389198519;S
20240115;100024;276.26;1100;9389198520;S
20240115;100024;276.26;400;9389198546;S
20240115;100024;276.26;100;9389198580;S
20240115;100024;276.27;350;9389198581;B
20240115;100024;276.27;150;9389198582;B
20240115;100024;276.28;380;9389198583;B
20240115;100024;276.26;1000;9389198603;S
20240115;100024;276.26;1500;9389198604;S
20240115;100024;276.26;1500;9389198605;S
20240115;100024;276.26;100;9389198606;S
20240115;100024;276.26;900;9389198608;S
20240115;100024;276.26;500;9389198610;S
20240115;100024;276.26;170;9389198611;S
20240115;100024;276.2;10;9389198613;S
20240115;100024;276.14;100;9389198617;S
20240115;100024;276.14;470;9389198620;S
20240115;100024;276.11;530;9389198627;S
20240115;100024;276.1;500;9389198628;S
20240115;100024;276.1;400;9389198629;S
20240115;100024;276.1;100;9389198630;S
20240115;100024;276.1;900;9389198631;S
20240115;100024;276.1;100;9389198686;S
20240115;100024;276.04;700;9389198687;S
20240115;100024;276.03;40;9389198688;S
20240115;100024;276.03;700;9389198689;S
20240115;100024;276.02;500;9389198690;S
20240115;100024;276.02;800;9389198691;S
20240115;100024;276.02;2980;9389198692;S
20240115;100024;276.02;700;9389198693;S
20240115;100024;276.01;70;9389198694;S
20240115;100024;276.01;10000;9389198695;S
20240115;100024;276.01;2000;9389198696;S
20240115;100024;276.01;700;9389198697;S
20240115;100024;276;20;9389198698;S
20240115;100024;276;10;9389198699;S
20240115;100024;276;450;9389198700;S
20240115;100024;276;50;9389198701;S
20240115;100024;276.01;230;9389198702;S
20240115;100025;276.02;370;9389198704;S
20240115;100025;276.1;10;9389198705;B
20240115;100025;276.03;90;9389198706;S
20240115;100025;276.03;10;9389198707;S
20240115;100025;276.02;400;9389198708;S
20240115;100025;276.01;700;9389198923;S
20240115;100025;276.01;400;9389198924;S
20240115;100025;276;3950;9389198925;S
20240115;100025;276;80;9389198926;S
20240115;100025;276;10;9389198927;S
20240115;100025;276;10;9389198928;S
20240115;100025;276;4850;9389198929;S
20240115;100025;276.02;30;9389198966;B
20240115;100025;276.01;30;9389199035;S
20240115;100025;276.02;10;9389199243;B
20240115;100026;276.01;490;9389199254;S
20240115;100026;276.11;110;9389199760;B
20240115;100026;276.01;180;9389199921;S
20240115;100026;276.01;400;9389199922;S
20240115;100026;276.01;210;9389199923;S
20240115;100026;276;2260;9389199924;S
20240115;100027;276.11;100;9389200272;B
20240115;100027;276.26;400;9389200287;B
20240115;100027;276.26;1440;9389200288;B
20240115;100027;276.26;330;9389200289;B
20240115;100027;276.26;10;9389200313;B
20240115;100027;276.26;360;9389200355;B
20240115;100027;276.26;150;9389200356;B
20240115;100028;276.24;20;9389200456;B
20240115;100028;276.2;100;9389200486;S
20240115;100028;276.24;680;9389200539;B
20240115;100028;276.24;320;9389200540;B
20240115;100028;276.2;50;9389200690;S
20240115;100029;276.2;220;9389200807;S
20240115;100029;276.2;370;9389200808;S
20240115;100029;276.19;1090;9389200809;S
20240115;100029;276.19;40;9389200810;S
20240115;100029;276.22;10;9389200949;B
20240115;100029;276.19;1090;9389201019;S
20240115;100029;276.19;370;9389201020;S
20240115;100029;276.18;540;9389201021;S
20240115;100030;276.23;30;9389201098;B
20240115;100030;276.23;210;9389201240;B
20240115;100030;276.2;370;9389201279;S
20240115;100030;276.19;30;9389201280;S
20240115;100031;276.2;10;9389201397;S
20240115;100031;276.2;110;9389201440;S
20240115;100031;276.24;10;9389201539;B
20240115;100032;276.24;3000;9389201680;B
20240115;100032;276.16;400;9389201735;S
20240115;100032;276.16;960;9389201773;B
20240115;100032;276.16;40;9389201774;B
20240115;100032;276.16;10;9389201778;S
20240115;100033;276.24;580;9389201827;B
20240115;100033;276.24;400;9389201828;B
20240115;100033;276.25;3200;9389201829;B
20240115;100033;276.26;700;9389201830;B
20240115;100033;276.26;1440;9389201831;B
20240115;100033;276.27;700;9389201832;B
20240115;100033;276.28;700;9389201833;B
20240115;100033;276.29;10000;9389201834;B
20240115;100033;276.29;700;9389201835;B
20240115;100033;276.29;2000;9389201836;B
20240115;100033;276.3;700;9389201837;B
20240115;100033;276.3;2000;9389201838;B
20240115;100033;276.31;700;9389201839;B
20240115;100033;276.31;2000;9389201840;B
20240115;100033;276.32;700;9389201841;B
20240115;100033;276.33;700;9389201842;B
20240115;100033;276.33;2000;9389201843;B
20240115;100033;276.34;700;9389201844;B
20240115;100033;276.35;700;9389201845;B
20240115;100033;276.35;2000;9389201846;B
20240115;100033;276.37;50;9389201847;B
20240115;100033;276.37;10;9389201848;B
20240115;100033;276.37;40;9389201849;B
20240115;100033;276.37;1270;9389201850;B
20240115;100033;276.38;5000;9389201851;B
20240115;100033;276.38;1010;9389201852;B
20240115;100033;276.37;20;9389201907;S
20240115;100033;276.37;380;9389201912;S
20240115;100033;276.36;420;9389201913;S
20240115;100033;276.36;370;9389201981;S
20240115;100033;276.36;230;9389201982;S
20240115;100033;276.39;30;9389202016;B
20240115;100033;276.39;230;9389202089;B
20240115;100034;276.39;60;9389202136;B
20240115;100034;276.35;10;9389202425;S
20240115;100034;276.35;250;9389202451;S
20240115;100034;276.35;1370;9389202452;S
20240115;100034;276.34;400;9389202453;S
20240115;100034;276.34;370;9389202454;S
20240115;100034;276.33;1040;9389202455;S
20240115;100034;276.38;50;9389202460;B
20240115;100035;276.37;30;9389202646;B
20240115;100035;276.33;10;9389202709;S
20240115;100036;276.37;40;9389202774;B
20240115;100036;276.38;250;9389202775;B
20240115;100036;276.38;400;9389202776;B
20240115;100036;276.39;4680;9389202777;B
20240115;100036;276.4;50;9389202778;B
20240115;100036;276.41;860;9389202779;B
20240115;100036;276.41;550;9389202780;B
20240115;100036;276.43;3160;9389202781;B
20240115;100036;276.43;10;9389202782;B
20240115;100036;276.43;200;9389202810;S
20240115;100036;276.43;100;9389202898;S
20240115;100036;276.41;370;9389202936;S
20240115;100036;276.4;130;9389202937;S
20240115;100036;276.4;1500;9389202938;S
20240115;100036;276.44;100;9389202974;B
20240115;100037;276.44;20;9389203035;B
20240115;100037;276.38;950;9389203049;S
20240115;100037;276.37;2000;9389203050;S
20240115;100037;276.35;400;9389203051;S
20240115;100037;276.34;700;9389203052;S
20240115;100037;276.33;700;9389203053;S
20240115;100037;276.33;250;9389203054;S
20240115;100037;276.42;10;9389203113;B
20240115;100037;276.35;80;9389203183;S
20240115;100038;276.35;470;9389203322;S
20240115;100038;276.35;2000;9389203323;S
20240115;100038;276.33;530;9389203324;S
20240115;100038;276.33;2000;9389203482;S
20240115;100039;276.37;10;9389203627;B
20240115;100039;276.31;20;9389203720;S
20240115;100039;276.3;1980;9389203721;S
20240115;100040;276.37;10;9389203968;B
20240115;100040;276.3;10;9389204163;S
20240115;100041;276.3;30;9389204293;S
20240115;100041;276.3;40;9389204302;S
20240115;100041;276.3;60;9389204370;S
20240115;100041;276.3;100;9389204432;S
20240115;100041;276.3;240;9389204548;S
20240115;100041;276.3;10;9389204641;S
20240115;100042;276.31;100;9389204719;B
20240115;100042;276.31;100;9389204720;B
20240115;100042;276.31;200;9389204721;B
20240115;100042;276.31;200;9389204722;B
20240115;100042;276.31;200;9389204723;B
20240115;100042;276.31;200;9389204724;B
20240115;100042;276.31;200;9389204725;B
20240115;100042;276.31;200;9389204726;B
20240115;100042;276.34;400;9389204727;B
20240115;100042;276.31;100;9389204754;S
20240115;100042;276.31;100;9389204755;S
20240115;100042;276.31;10;9389204962;S
20240115;100042;276.37;10;9389204981;B
20240115;100042;276.38;370;9389204989;B
20240115;100042;276.39;550;9389204990;B
20240115;100042;276.39;400;9389204991;B
20240115;100042;276.4;1680;9389204992;B
20240115;100042;276.43;30;9389205040;B
20240115;100042;276.38;60;9389205041;S
20240115;100042;276.39;200;9389205055;S
20240115;100043;276.38;60;9389205160;S
20240115;100043;276.38;140;9389205161;B
20240115;100043;276.39;10;9389205165;S
20240115;100043;276.39;100;9389205242;S
20240115;100043;276.38;700;9389205301;S
20240115;100043;276.42;400;9389205325;B
20240115;100043;276.43;200;9389205326;B
20240115;100043;276.44;400;9389205327;B
20240115;100043;276.44;900;9389205353;B
20240115;100043;276.45;180;9389205354;B
20240115;100043;276.45;700;9389205355;B
20240115;100043;276.45;220;9389205356;B
20240115;100043;276.45;2000;9389205357;B
20240115;100043;276.48;700;9389205379;B
20240115;100043;276.48;400;9389205380;B
20240115;100043;276.49;100;9389205381;B
20240115;100043;276.49;700;9389205382;B
20240115;100043;276.5;9600;9389205383;B
20240115;100043;276.5;10;9389205384;B
20240115;100043;276.5;10;9389205385;B
20240115;100043;276.5;1600;9389205386;B
20240115;100043;276.5;10;9389205387;B
20240115;100043;276.5;20;9389205388;B
20240115;100043;276.5;180;9389205389;B
20240115;100043;276.5;30;9389205390;B
20240115;100043;276.5;40;9389205391;B
20240115;100043;276.5;10;9389205392;B
20240115;100043;276.5;200;9389205393;B
20240115;100043;276.5;200;9389205394;B
20240115;100043;276.5;200;9389205395;B
20240115;100043;276.5;100;9389205396;B
20240115;100043;276.5;2000;9389205397;B
20240115;100043;276.5;100;9389205398;B
20240115;100043;276.5;100;9389205399;B
20240115;100043;276.5;410;9389205400;B
20240115;100043;276.5;10;9389205401;B
20240115;100043;276.5;200;9389205402;B
20240115;100043;276.5;10;9389205403;B
20240115;100043;276.5;340;9389205404;B
20240115;100043;276.5;30;9389205405;B
20240115;100043;276.5;50;9389205406;B
20240115;100043;276.5;1980;9389205407;B
20240115;100043;276.5;150;9389205408;B
20240115;100043;276.5;10;9389205409;B
20240115;100043;276.5;500;9389205410;B
20240115;100043;276.5;200;9389205429;S
20240115;100044;276.52;10;9389205463;B
20240115;100044;276.51;1000;9389205506;S
20240115;100044;276.52;10;9389205534;B
20240115;100044;276.52;80;9389205535;B
20240115;100044;276.53;100;9389205536;B
20240115;100044;276.55;1000;9389205537;B
20240115;100044;276.55;2000;9389205538;B
20240115;100044;276.55;2300;9389205539;B
20240115;100044;276.55;600;9389205540;B
20240115;100044;276.55;110;9389205541;B
20240115;100044;276.56;100;9389205542;B
20240115;100044;276.56;130;9389205543;B
20240115;100044;276.57;700;9389205544;B
20240115;100044;276.58;30;9389205545;B
20240115;100044;276.58;700;9389205546;B
20240115;100044;276.59;700;9389205547;B
20240115;100044;276.59;400;9389205548;B
20240115;100044;276.6;500;9389205549;B
20240115;100044;276.6;10;9389205550;B
20240115;100044;276.6;220;9389205551;B
20240115;100044;276.6;50;9389205552;B
20240115;100044;276.6;110;9389205553;B
20240115;100044;276.6;180;9389205554;B
20240115;100044;276.6;700;9389205555;B
20240115;100044;276.61;700;9389205556;B
20240115;100044;276.62;700;9389205557;B
20240115;100044;276.63;90;9389205558;B
20240115;100044;276.63;700;9389205559;B
20240115;100044;276.64;10;9389205560;B
20240115;100044;276.64;1640;9389205561;B
20240115;100044;276.64;700;9389205562;B
20240115;100044;276.65;190;9389205563;B
20240115;100044;276.65;200;9389205564;B
20240115;100044;276.65;60;9389205565;B
20240115;100044;276.65;800;9389205566;B
20240115;100044;276.65;700;9389205567;B
20240115;100044;276.66;10;9389205568;B
20240115;100044;276.66;10;9389205569;B
20240115;100044;276.66;700;9389205570;B
20240115;100044;276.67;2070;9389205571;B
20240115;100044;276.66;600;9389205572;B
20240115;100044;276.56;400;9389205576;S
20240115;100044;276.58;100;9389205577;S
20240115;100044;276.58;100;9389205581;S
20240115;100044;276.59;1000;9389205584;S
20240115;100044;276.59;90;9389205585;S
20240115;100044;276.58;410;9389205586;S
20240115;100044;276.59;100;9389205587;S
20240115;100044;276.59;200;9389205588;S
20240115;100044;276.6;100;9389205589;S
20240115;100044;276.6;100;9389205591;S
20240115;100044;276.61;100;9389205592;S
20240115;100044;276.61;100;9389205593;S
20240115;100044;276.61;200;9389205594;S
20240115;100044;276.6;170;9389205595;S
20240115;100044;276.59;400;9389205606;S
20240115;100044;276.59;50;9389205628;S
20240115;100044;276.6;130;9389205629;B
20240115;100044;276.6;100;9389205630;B
20240115;100044;276.6;500;9389205631;B
20240115;100044;276.6;100;9389205632;B
20240115;100044;276.6;100;9389205633;B
20240115;100044;276.6;200;9389205634;B
20240115;100044;276.6;100;9389205635;B
20240115;100044;276.6;100;9389205636;B
20240115;100044;276.61;100;9389205637;S
20240115;100044;276.62;100;9389205638;S
20240115;100044;276.62;50;9389205639;S
20240115;100044;276.62;700;9389205640;S
20240115;100044;276.61;550;9389205641;S
20240115;100044;276.63;400;9389205642;S
20240115;100044;276.61;1100;9389205643;S
20240115;100044;276.63;600;9389205644;S
20240115;100044;276.63;100;9389205645;S
20240115;100044;276.63;200;9389205647;S
20240115;100044;276.63;100;9389205650;S
20240115;100044;276.63;10;9389205686;B
20240115;100044;276.63;190;9389205687;B
20240115;100044;276.63;1000;9389205688;B
20240115;100044;276.63;880;9389205689;B
20240115;100044;276.63;620;9389205707;B
20240115;100044;276.68;10;9389205708;B
20240115;100044;276.68;40;9389205709;B
20240115;100044;276.68;250;9389205710;B
20240115;100044;276.68;250;9389205711;B
20240115;100044;276.69;50;9389205712;B
20240115;100044;276.69;50;9389205713;B
20240115;100044;276.69;400;9389205714;B
20240115;100044;276.69;330;9389205715;B
20240115;100044;276.69;180;9389205723;B
20240115;100044;276.69;10;9389205725;B
20240115;100044;276.69;20;9389205739;B
20240115;100044;276.69;460;9389205765;B
20240115;100044;276.69;40;9389205766;B
20240115;100044;276.69;50;9389205767;B
20240115;100044;276.68;100;9389205769;S
20240115;100045;276.68;100;9389205771;S
20240115;100045;276.68;100;9389205774;S
20240115;100045;276.68;10;9389205775;S
20240115;100045;276.69;1000;9389205781;B
20240115;100045;276.68;90;9389205795;S
20240115;100045;276.68;2910;9389205796;S
20240115;100045;276.69;20;9389205797;B
20240115;100045;276.68;110;9389205815;S
20240115;100045;276.68;210;9389205822;S
20240115;100045;276.69;470;9389205846;B
20240115;100045;276.68;200;9389205847;S
20240115;100045;276.68;20;9389205866;S
20240115;100045;276.68;10;9389205886;S
20240115;100045;276.69;1420;9389205897;B
20240115;100045;276.69;30;9389205898;B
20240115;100045;276.7;500;9389205899;B
20240115;100045;276.7;180;9389205900;B
20240115;100045;276.71;10;9389205901;B
20240115;100045;276.71;1700;9389205902;B
20240115;100045;276.72;20;9389205903;B
20240115;100045;276.74;20;9389205904;B
20240115;100045;276.74;10;9389205905;B
20240115;100045;276.75;90;9389205906;B
20240115;100045;276.75;30;9389205907;B
20240115;100045;276.75;500;9389205908;B
20240115;100045;276.75;10;9389205909;B
20240115;100045;276.75;10;9389205910;B
20240115;100045;276.76;2000;9389205911;B
20240115;100045;276.76;400;9389205912;B
20240115;100045;276.77;1000;9389205913;B
20240115;100045;276.77;40;9389205914;B
20240115;100045;276.78;50;9389205915;B
20240115;100045;276.79;30;9389205916;B
20240115;100045;276.8;100;9389205917;B
20240115;100045;276.8;10;9389205918;B
20240115;100045;276.8;180;9389205919;B
20240115;100045;276.8;610;9389205920;B
20240115;100045;276.8;1750;9389205921;B
20240115;100045;276.8;720;9389205922;B
20240115;100045;276.8;2000;9389205923;B
20240115;100045;276.81;30;9389205924;B
20240115;100045;276.81;140;9389205925;B
20240115;100045;276.82;300;9389205926;B
20240115;100045;276.82;10;9389205927;B
20240115;100045;276.83;100;9389205928;B
20240115;100045;276.79;70;9389205929;B
20240115;100045;276.77;10;9389205949;S
20240115;100045;276.8;100;9389206056;S
20240115;100045;276.8;100;9389206061;S
20240115;100045;276.82;10;9389206090;B
20240115;100045;276.7;10;9389206139;B
20240115;100046;276.55;50;9389206222;S
20240115;100046;276.55;650;9389206223;S
20240115;100046;276.55;400;9389206224;S
20240115;100046;276.55;950;9389206225;S
20240115;100046;276.69;60;9389206404;B
20240115;100047;276.6;10;9389206586;S
20240115;100047;276.6;40;9389206809;S
20240115;100047;276.6;20;9389206838;S
20240115;100047;276.68;30;9389206840;B
20240115;100047;276.67;50;9389206862;B
20240115;100047;276.6;10;9389206891;S
20240115;100047;276.62;10;9389206953;B
20240115;100048;276.57;100;9389206974;S
20240115;100048;276.55;50;9389206989;S
20240115;100048;276.55;10;9389207008;S
20240115;100048;276.55;50;9389207127;S
20240115;100049;276.6;1090;9389207278;B
20240115;100049;276.61;910;9389207279;B
20240115;100049;276.55;20;9389207288;S
20240115;100049;276.61;140;9389207406;B
20240115;100049;276.62;860;9389207407;B
20240115;100049;276.55;10;9389207495;S
20240115;100049;276.55;50;9389207521;S
20240115;100049;276.62;10;9389207530;B
20240115;100050;276.55;510;9389207575;S
20240115;100050;276.55;190;9389207576;S
20240115;100050;276.61;10;9389207596;B
20240115;100050;276.63;200;9389207659;B
20240115;100050;276.63;940;9389207759;B
20240115;100051;276.69;30;9389207773;B
20240115;100051;276.69;120;9389207849;B
20240115;100051;276.66;700;9389207903;S
20240115;100051;276.65;1090;9389207904;S
20240115;100051;276.65;700;9389207905;S
20240115;100051;276.64;700;9389207906;S
20240115;100051;276.63;1060;9389207907;S
20240115;100051;276.63;700;9389207908;S
20240115;100051;276.62;700;9389207909;S
20240115;100051;276.62;400;9389207910;S
20240115;100051;276.61;700;9389207911;S
20240115;100051;276.6;700;9389207912;S
20240115;100051;276.6;2000;9389207913;S
20240115;100051;276.59;550;9389207914;S
20240115;100051;276.69;280;9389207932;B
20240115;100051;276.7;100;9389207933;B
20240115;100051;276.7;100;9389207934;B
20240115;100051;276.7;10;9389207935;B
20240115;100051;276.7;20;9389207936;B
20240115;100051;276.7;750;9389207937;B
20240115;100052;276.63;10;9389208032;S
20240115;100052;276.63;1080;9389208033;S
20240115;100052;276.63;700;9389208034;S
20240115;100052;276.62;700;9389208035;S
20240115;100052;276.62;400;9389208036;S
20240115;100052;276.61;700;9389208037;S
20240115;100052;276.6;700;9389208038;S
20240115;100052;276.6;370;9389208039;S
20240115;100052;276.59;700;9389208040;S
20240115;100052;276.59;2000;9389208041;S
20240115;100052;276.58;700;9389208042;S
20240115;100052;276.58;1440;9389208043;S
20240115;100052;276.57;700;9389208044;S
20240115;100052;276.56;700;9389208045;S
20240115;100052;276.55;150;9389208046;S
20240115;100052;276.55;2000;9389208047;S
20240115;100052;276.55;700;9389208048;S
20240115;100052;276.54;80;9389208049;S
20240115;100052;276.54;700;9389208050;S
20240115;100052;276.54;480;9389208051;S
20240115;100052;276.65;10;9389208071;B
20240115;100053;276.63;20;9389208255;S
20240115;100053;276.63;80;9389208287;S
20240115;100053;276.63;100;9389208290;B
20240115;100053;276.63;250;9389208311;B
20240115;100053;276.63;570;9389208318;B
20240115;100053;276.66;10;9389208319;B
20240115;100053;276.66;400;9389208320;B
20240115;100053;276.69;20;9389208321;B
20240115;100053;276.61;400;9389208388;S
20240115;100053;276.6;1090;9389208389;S
20240115;100053;276.6;1510;9389208390;S
20240115;100053;276.61;90;9389208415;S
20240115;100054;276.61;100;9389208456;S
20240115;100054;276.61;900;9389208479;S
20240115;100054;276.61;100;9389208480;S
20240115;100054;276.69;10;9389208487;B
20240115;100055;276.61;30;9389208674;S
20240115;100055;276.61;370;9389208697;S
20240115;100055;276.6;630;9389208698;S
20240115;100055;276.69;40;9389208735;B
20240115;100055;276.69;300;9389208813;B
20240115;100055;276.6;10;9389208857;S
20240115;100055;276.69;400;9389208876;B
20240115;100055;276.69;1000;9389208877;S
20240115;100056;276.69;450;9389208984;S
20240115;100056;276.7;500;9389209123;B
20240115;100057;276.7;10;9389209124;B
20240115;100057;276.69;30;9389209125;S
20240115;100057;276.7;1740;9389209318;B
20240115;100057;276.71;10;9389209319;B
20240115;100057;276.73;50;9389209320;B
20240115;100058;276.7;10;9389209483;S
20240115;100058;276.7;10;9389209700;S
20240115;100059;276.75;400;9389209755;B
20240115;100059;276.76;10;9389209756;B
20240115;100059;276.76;10;9389209757;B
20240115;100059;276.76;2580;9389209758;B
20240115;100059;276.75;100;9389209806;B
20240115;100059;276.75;300;9389209920;B
20240115;100059;276.75;370;9389209921;B
20240115;100059;276.76;3140;9389209922;B
20240115;100059;276.75;90;9389209939;B
20240115;100059;276.75;50;9389209973;B
20240115;100100;276.75;70;9389210036;B
20240115;100100;276.76;500;9389210151;B
20240115;100100;276.7;20;9389210158;S
20240115;100100;276.74;100;9389210263;S
20240115;100100;276.74;250;9389210264;S
20240115;100101;276.76;10;9389210332;B
20240115;100101;276.74;1440;9389210346;S
20240115;100101;276.73;560;9389210347;S
20240115;100101;276.71;10;9389210453;S
20240115;100101;276.71;10;9389210463;S
20240115;100101;276.75;330;9389210486;B
20240115;100102;276.75;10;9389210617;B
20240115;100102;276.74;10;9389210673;S
20240115;100103;276.74;210;9389210683;S
20240115;100103;276.73;1090;9389210684;S
20240115;100103;276.72;700;9389210685;S
20240115;100103;276.74;100;9389210704;S
20240115;100103;276.72;410;9389210705;S
20240115;100103;276.75;400;9389210778;B
20240115;100103;276.75;30;9389210779;B
20240115;100103;276.76;150;9389210780;B
20240115;100103;276.72;890;9389210781;S
20240115;100103;276.71;100;9389210782;S
20240115;100103;276.7;80;9389210783;S
20240115;100103;276.69;700;9389210784;S
20240115;100103;276.68;700;9389210785;S
20240115;100103;276.68;2000;9389210786;S
20240115;100103;276.68;2000;9389210787;S
20240115;100103;276.68;370;9389210788;S
20240115;100103;276.75;10;9389210804;B
20240115;100103;276.61;10;9389210828;S
20240115;100103;276.63;60;9389210859;S
20240115;100103;276.75;10;9389210866;B
20240115;100104;276.75;10;9389210902;B
20240115;100104;276.75;30;9389210926;B
20240115;100104;276.75;340;9389210927;B
20240115;100104;276.75;500;9389210928;B
20240115;100104;276.76;5530;9389210929;B
20240115;100104;276.69;800;9389210996;B
20240115;100105;276.61;50;9389211053;S
20240115;100105;276.61;90;9389211079;S
20240115;100105;276.68;1090;9389211106;B
20240115;100105;276.68;110;9389211107;B
20240115;100106;276.61;400;9389211176;S
20240115;100106;276.61;20;9389211246;S
20240115;100106;276.61;30;9389211274;S
20240115;100107;276.61;10;9389211363;S
20240115;100107;276.69;10;9389211418;B
20240115;100107;276.69;10;9389211419;B
20240115;100107;276.61;90;9389211432;S
20240115;100107;276.61;110;9389211433;S
20240115;100107;276.61;10;9389211481;S
20240115;100108;276.69;20;9389211635;B
20240115;100109;276.69;10;9389211723;B
20240115;100109;276.68;400;9389211765;S
20240115;100109;276.68;90;9389211766;S
20240115;100109;276.67;510;9389211767;S
20240115;100109;276.69;130;9389211794;B
20240115;100109;276.68;20;9389211808;S
20240115;100110;276.68;380;9389211818;S
20240115;100110;276.67;420;9389211819;S
20240115;100110;276.68;100;9389211826;S
20240115;100110;276.69;300;9389211891;B
20240115;100110;276.68;200;9389211910;S
20240115;100110;276.68;100;9389211923;S
20240115;100110;276.68;1090;9389211924;S
20240115;100110;276.68;610;9389211925;S
20240115;100111;276.69;720;9389212177;B
20240115;100111;276.75;40;9389212178;B
20240115;100111;276.75;70;9389212179;B
20240115;100112;276.71;120;9389212552;S
20240115;100112;276.71;50;9389212622;S
20240115;100112;276.75;10;9389212631;B
20240115;100112;276.75;20;9389212686;B
20240115;100113;276.7;50;9389212728;S
20240115;100113;276.7;1040;9389212731;S
20240115;100113;276.7;700;9389212732;S
20240115;100113;276.69;700;9389212733;S
20240115;100113;276.69;2000;9389212734;S
20240115;100113;276.69;10;9389212749;B
20240115;100113;276.69;10;9389212750;B
20240115;100113;276.69;400;9389212867;B
20240115;100113;276.68;400;9389212890;S
20240115;100113;276.68;700;9389212891;S
20240115;100113;276.68;1900;9389212892;S
20240115;100113;276.69;140;9389212895;B
20240115;100113;276.75;60;9389212896;B
20240115;100114;276.75;270;9389212963;B
20240115;100114;276.76;3090;9389212964;B
20240115;100114;276.76;1640;9389212965;B
20240115;100114;276.71;50;9389212987;S
20240115;100114;276.76;200;9389213011;B
20240115;100114;276.71;300;9389213067;S
20240115;100114;276.71;60;9389213068;S
20240115;100114;276.75;10;9389213087;B
20240115;100115;276.74;10;9389213154;S
20240115;100115;276.75;40;9389213198;B
20240115;100116;276.76;20;9389213577;B
20240115;100116;276.75;370;9389213581;S
20240115;100116;276.75;360;9389213582;S
20240115;100116;276.76;210;9389213647;B
20240115;100117;276.76;20;9389213690;B
20240115;100117;276.75;700;9389213803;S
20240115;100118;276.75;40;9389214033;S
20240115;100118;276.75;10;9389214118;S
20240115;100119;276.76;1000;9389214192;B
20240115;100119;276.75;20;9389214197;S
20240115;100119;276.76;100;9389214244;B
20240115;100119;276.76;50;9389214245;B
20240115;100119;276.75;300;9389214264;S
20240115;100120;276.76;30;9389214282;B
20240115;100120;276.75;1150;9389214338;S
20240115;100120;276.73;130;9389214341;S
20240115;100120;276.74;10;9389214379;B
20240115;100120;276.72;140;9389214390;S
20240115;100121;276.74;100;9389214562;B
20240115;100121;276.73;1030;9389214627;S
20240115;100121;276.73;370;9389214628;S
20240115;100122;276.73;10;9389214709;B
20240115;100122;276.7;10;9389214772;S
20240115;100122;276.73;50;9389214851;B
20240115;100122;276.73;10;9389214911;B
20240115;100123;276.7;690;9389215060;S
20240115;100123;276.7;100;9389215061;S
20240115;100123;276.69;50;9389215062;S
20240115;100123;276.69;40;9389215063;S
20240115;100123;276.73;100;9389215090;B
20240115;100124;276.7;50;9389215198;S
20240115;100124;276.7;100;9389215217;S
20240115;100124;276.7;550;9389215269;S
20240115;100124;276.69;680;9389215270;S
20240115;100124;276.69;700;9389215271;S
20240115;100124;276.69;70;9389215272;S
20240115;100125;276.69;50;9389215309;S
20240115;100125;276.73;50;9389215323;B
20240115;100125;276.72;100;9389215369;S
20240115;100125;276.72;220;9389215410;S
20240115;100126;276.73;200;9389215484;B
20240115;100126;276.73;10;9389215485;B
20240115;100126;276.73;210;9389215486;B
20240115;100126;276.73;190;9389215545;B
20240115;100126;276.74;210;9389215546;B
20240115;100126;276.73;10;9389215547;B
20240115;100126;276.73;60;9389215561;B
20240115;100126;276.73;10;9389215592;B
20240115;100127;276.72;2580;9389215694;S
20240115;100127;276.72;2000;9389215695;S
20240115;100127;276.7;1000;9389215742;S
20240115;100127;276.71;10;9389215743;B
20240115;100127;276.69;550;9389215744;S
20240115;100127;276.69;10;9389215749;S
20240115;100128;276.69;10;9389215879;S
20240115;100128;276.7;30;9389215913;B
20240115;100128;276.69;10;9389215933;S
20240115;100128;276.69;100;9389215967;S
20240115;100129;276.69;1200;9389216108;S
20240115;100129;276.69;100;9389216109;S
20240115;100129;276.69;10;9389216120;B
20240115;100130;276.68;10;9389216242;S
20240115;100130;276.68;10;9389216285;S
20240115;100131;276.68;480;9389216467;S
20240115;100131;276.67;400;9389216470;B
20240115;100131;276.68;100;9389216471;B
20240115;100131;276.67;400;9389216513;B
20240115;100131;276.68;990;9389216514;B
20240115;100131;276.68;10;9389216515;B
20240115;100132;276.67;100;9389216565;B
20240115;100133;276.65;10;9389216814;S
20240115;100133;276.67;300;9389216972;B
20240115;100133;276.67;70;9389216973;B
20240115;100135;276.62;50;9389217101;B
20240115;100135;276.61;30;9389217104;S
20240115;100135;276.61;70;9389217130;S
20240115;100135;276.6;100;9389217131;S
20240115;100135;276.6;10;9389217132;S
20240115;100135;276.6;320;9389217133;S
20240115;100135;276.6;40;9389217212;S
20240115;100136;276.59;10;9389217228;B
20240115;100136;276.51;300;9389217254;S
20240115;100136;276.57;1000;9389217331;B
20240115;100137;276.57;20;9389217452;B
20240115;100137;276.58;30;9389217485;B
20240115;100137;276.51;20;9389217487;S
20240115;100137;276.51;380;9389217604;S
20240115;100137;276.51;350;9389217605;S
20240115;100138;276.51;50;9389217618;S
20240115;100138;276.51;50;9389217619;S
20240115;100138;276.51;500;9389217725;S
20240115;100142;276.5;900;9389218355;S
20240115;100142;276.55;1090;9389218366;B
20240115;100142;276.55;330;9389218367;B
20240115;100142;276.55;400;9389218368;B
20240115;100142;276.56;180;9389218369;B
20240115;100143;276.55;250;9389218511;B
20240115;100144;276.52;300;9389218764;S
20240115;100144;276.51;250;9389218833;S
20240115;100144;276.51;2000;9389218834;S
20240115;100144;276.51;250;9389218835;S
20240115;100145;276.55;20;9389218911;B
20240115;100145;276.55;230;9389218930;B
20240115;100145;276.51;10;9389218962;S
20240115;100146;276.51;1780;9389219121;S
20240115;100147;276.51;210;9389219138;S
20240115;100147;276.51;100;9389219139;S
20240115;100147;276.51;100;9389219170;S
20240115;100147;276.54;100;9389219198;S
20240115;100147;276.54;10;9389219199;S
20240115;100147;276.55;360;9389219235;B
20240115;100147;276.51;100;9389219236;S
20240115;100147;276.51;250;9389219271;S
20240115;100147;276.51;150;9389219280;S
20240115;100147;276.51;400;9389219281;S
20240115;100147;276.51;150;9389219282;S
20240115;100149;276.55;100;9389219845;B
20240115;100149;276.55;100;9389219846;B
20240115;100149;276.55;530;9389219847;B
20240115;100149;276.56;300;9389219848;B
20240115;100149;276.56;500;9389219849;B
20240115;100149;276.56;100;9389219851;B
20240115;100150;276.56;400;9389219889;S
20240115;100150;276.55;170;9389219890;S
20240115;100150;276.55;700;9389219891;S
20240115;100150;276.54;700;9389219892;S
20240115;100150;276.54;280;9389219893;S
20240115;100150;276.57;10;9389219910;B
20240115;100150;276.52;700;9389219913;S
20240115;100150;276.52;400;9389219914;S
20240115;100150;276.52;500;9389219915;S
20240115;100150;276.52;1500;9389219919;S
20240115;100150;276.52;400;9389219920;S
20240115;100150;276.52;700;9389219921;S
20240115;100150;276.51;30;9389219922;S
20240115;100150;276.51;700;9389219923;S
20240115;100150;276.5;600;9389219924;S
20240115;100150;276.5;300;9389219925;S
20240115;100150;276.5;700;9389219926;S
20240115;100150;276.5;2000;9389219927;S
20240115;100150;276.49;700;9389219928;S
20240115;100150;276.48;700;9389219929;S
20240115;100150;276.48;2000;9389219930;S
20240115;100150;276.47;700;9389219931;S
20240115;100150;276.46;700;9389219932;S
20240115;100150;276.45;10;9389219933;S
20240115;100150;276.45;2000;9389219934;S
20240115;100150;276.45;700;9389219935;S
20240115;100150;276.44;560;9389219936;S
20240115;100151;276.45;400;9389220087;S
20240115;100151;276.44;230;9389220088;S
20240115;100151;276.54;20;9389220172;B
20240115;100152;276.49;30;9389220402;B
20240115;100152;276.49;400;9389220530;B
20240115;100152;276.5;330;9389220531;B
20240115;100153;276.48;30;9389220735;S
20240115;100154;276.49;400;9389220856;B
20240115;100154;276.5;760;9389220857;B
20240115;100154;276.5;370;9389220858;B
20240115;100154;276.5;1000;9389220859;B
20240115;100154;276.51;5000;9389220860;B
20240115;100154;276.54;700;9389220861;B
20240115;100154;276.55;700;9389220862;B
20240115;100154;276.55;1440;9389220863;B
20240115;100154;276.56;700;9389220864;B
20240115;100154;276.56;130;9389220865;B
20240115;100154;276.5;40;9389220878;B
20240115;100155;276.5;20;9389220990;B
20240115;100155;276.48;270;9389221014;S
20240115;100156;276.48;10;9389221039;B
20240115;100156;276.45;20;9389221056;S
20240115;100156;276.48;20;9389221113;B
20240115;100157;276.48;10;9389221231;B
20240115;100158;276.48;110;9389221425;B
20240115;100158;276.49;50;9389221551;S
20240115;100159;276.49;340;9389221709;S
20240115;100159;276.49;500;9389221710;S
20240115;100159;276.47;1440;9389221711;S
20240115;100159;276.47;990;9389221712;S
20240115;100201;276.45;550;9389221923;S
20240115;100201;276.5;10;9389221924;B
20240115;100201;276.45;130;9389221958;S
20240115;100201;276.45;1750;9389221959;S
20240115;100202;276.5;10;9389222247;B
20240115;100202;276.5;140;9389222281;B
20240115;100202;276.51;6660;9389222284;B
20240115;100202;276.55;400;9389222286;B
20240115;100202;276.55;600;9389222548;B
20240115;100202;276.55;500;9389222549;B
20240115;100202;276.57;80;9389222557;B
20240115;100203;276.53;400;9389222731;S
20240115;100203;276.53;700;9389222732;S
20240115;100203;276.53;2000;9389222733;S
20240115;100203;276.53;2970;9389222734;S
20240115;100203;276.52;700;9389222735;S
20240115;100203;276.52;2000;9389222736;S
20240115;100203;276.51;700;9389222737;S
20240115;100203;276.51;1000;9389222738;S
20240115;100203;276.5;700;9389222739;S
20240115;100203;276.5;2000;9389222740;S
20240115;100203;276.49;700;9389222741;S
20240115;100203;276.49;2000;9389222742;S
20240115;100203;276.48;700;9389222743;S
20240115;100203;276.48;1440;9389222744;S
20240115;100203;276.48;40;9389222745;S
20240115;100203;276.47;700;9389222746;S
20240115;100203;276.47;2000;9389222747;S
20240115;100203;276.46;700;9389222748;S
20240115;100203;276.45;700;9389222749;S
20240115;100203;276.45;1150;9389222750;S
20240115;100203;276.45;2000;9389222751;S
20240115;100203;276.44;730;9389222752;S
20240115;100203;276.44;10;9389222753;S
20240115;100203;276.44;700;9389222754;S
20240115;100203;276.43;3000;9389222755;S
20240115;100203;276.42;2000;9389222756;S
20240115;100203;276.41;2000;9389222757;S
20240115;100203;276.4;10;9389222758;S
20240115;100203;276.38;1090;9389222759;S
20240115;100203;276.37;10;9389222760;S
20240115;100203;276.37;2000;9389222761;S
20240115;100203;276.36;370;9389222762;S
20240115;100203;276.35;9000;9389222763;S
20240115;100203;276.34;10000;9389222764;S
20240115;100203;276.33;30;9389222765;S
20240115;100203;276.33;10000;9389222766;S
20240115;100203;276.33;2000;9389222767;S
20240115;100203;276.3;2530;9389222768;S
20240115;100203;276.3;540;9389222769;S
20240115;100203;276.3;2000;9389222770;S
20240115;100203;276.29;680;9389222771;S
20240115;100204;276.49;200;9389222830;B
20240115;100204;276.49;200;9389222837;B
20240115;100204;276.5;1090;9389222838;B
20240115;100204;276.5;700;9389222839;B
20240115;100204;276.5;370;9389222840;B
20240115;100204;276.51;700;9389222841;B
20240115;100204;276.51;50;9389222842;B
20240115;100204;276.52;330;9389222843;B
20240115;100204;276.36;100;9389222870;S
20240115;100204;276.39;40;9389222905;B
20240115;100204;276.39;360;9389222928;B
20240115;100204;276.4;790;9389222929;B
20240115;100204;276.35;600;9389222936;S
20240115;100204;276.28;20;9389222969;S
20240115;100204;276.26;50;9389222970;S
20240115;100204;276.26;40;9389222976;S
20240115;100205;276.31;10;9389223036;S
20240115;100205;276.31;10;9389223084;S
20240115;100205;276.26;90;9389223085;S
20240115;100205;276.3;400;9389223205;B
20240115;100206;276.3;10;9389223277;S
20240115;100206;276.32;400;9389223368;B
20240115;100206;276.33;680;9389223369;B
20240115;100206;276.35;1440;9389223370;B
20240115;100206;276.37;700;9389223371;B
20240115;100206;276.37;370;9389223372;B
20240115;100206;276.38;700;9389223373;B
20240115;100206;276.38;1510;9389223374;B
20240115;100206;276.31;400;9389223423;S
20240115;100206;276.3;40;9389223424;S
20240115;100206;276.29;370;9389223425;S
20240115;100206;276.4;200;9389223433;B
20240115;100206;276.28;20;9389223444;S
20240115;100207;276.39;180;9389223551;S
20240115;100208;276.4;150;9389223772;B
20240115;100208;276.36;50;9389223916;S
20240115;100209;276.43;10;9389223964;B
20240115;100209;276.42;300;9389223973;B
20240115;100209;276.43;200;9389224080;B
20240115;100212;276.43;10;9389224542;B
20240115;100212;276.42;400;9389224597;S
20240115;100212;276.38;510;9389224598;S
20240115;100212;276.38;150;9389224651;S
20240115;100214;276.36;100;9389224964;S
20240115;100215;276.42;10;9389225194;B
20240115;100216;276.35;10;9389225211;S
20240115;100216;276.36;10;9389225244;S
20240115;100216;276.35;390;9389225245;S
20240115;100216;276.34;190;9389225246;S
20240115;100216;276.35;200;9389225269;S
20240115;100217;276.42;30;9389225416;B
20240115;100217;276.35;400;9389225432;S
20240115;100217;276.34;340;9389225433;S
20240115;100218;276.42;50;9389225505;B
20240115;100219;276.34;750;9389225611;S
20240115;100219;276.34;370;9389225612;S
20240115;100219;276.33;2000;9389225613;S
20240115;100219;276.32;40;9389225614;S
20240115;100219;276.32;400;9389225615;S
20240115;100219;276.31;370;9389225616;S
20240115;100219;276.3;100;9389225617;S
20240115;100219;276.3;1440;9389225618;S
20240115;100219;276.29;700;9389225619;S
20240115;100219;276.29;2000;9389225620;S
20240115;100219;276.28;680;9389225621;S
20240115;100219;276.27;700;9389225622;S
20240115;100219;276.27;2000;9389225623;S
20240115;100219;276.26;700;9389225624;S
20240115;100219;276.25;40;9389225625;S
20240115;100219;276.25;700;9389225626;S
20240115;100219;276.25;2000;9389225627;S
20240115;100219;276.24;10;9389225628;S
20240115;100219;276.35;10;9389225643;B
20240115;100219;276.34;30;9389225687;B
20240115;100221;276.33;30;9389226107;S
20240115;100221;276.33;100;9389226108;S
20240115;100221;276.33;10;9389226124;B
20240115;100222;276.24;50;9389226170;S
20240115;100224;276.24;10;9389226521;S
20240115;100225;276.3;10;9389226670;B
20240115;100225;276.24;100;9389226680;S
20240115;100225;276.3;400;9389226688;B
20240115;100225;276.31;370;9389226689;B
20240115;100225;276.31;130;9389226690;B
20240115;100226;276.24;10;9389226802;S
20240115;100226;276.3;400;9389226821;B
20240115;100226;276.31;240;9389226822;B
20240115;100226;276.31;1090;9389226823;B
20240115;100226;276.31;370;9389226824;B
20240115;100226;276.32;700;9389226825;B
20240115;100226;276.32;670;9389226826;B
20240115;100226;276.33;1050;9389226827;B
20240115;100226;276.32;1090;9389226862;B
20240115;100226;276.33;700;9389226863;B
20240115;100226;276.34;700;9389226864;B
20240115;100226;276.34;300;9389226865;B
20240115;100226;276.34;400;9389226866;B
20240115;100226;276.35;460;9389226867;B
20240115;100227;276.32;20;9389227014;S
20240115;100227;276.32;20;9389227087;S
20240115;100228;276.32;50;9389227238;S
20240115;100228;276.33;400;9389227311;B
20240115;100228;276.33;40;9389227312;B
20240115;100228;276.34;370;9389227313;B
20240115;100228;276.34;590;9389227314;B
20240115;100229;276.32;40;9389227451;S
20240115;100229;276.33;10;9389227527;B
20240115;100230;276.32;10;9389227598;S
20240115;100231;276.39;360;9389227675;B
20240115;100231;276.39;10;9389227687;B
20240115;100231;276.32;100;9389227739;S
20240115;100231;276.39;300;9389227811;B
20240115;100233;276.39;30;9389228080;B
20240115;100233;276.39;120;9389228081;B
20240115;100233;276.32;80;9389228117;S
20240115;100234;276.39;280;9389228243;B
20240115;100234;276.39;120;9389228244;B
20240115;100235;276.39;580;9389228434;B
20240115;100235;276.39;400;9389228435;B
20240115;100235;276.39;1440;9389228436;B
20240115;100236;276.39;580;9389228476;S
20240115;100236;276.32;80;9389228477;S
20240115;100236;276.31;370;9389228478;S
20240115;100236;276.3;370;9389228479;S
20240115;100236;276.3;600;9389228480;S
20240115;100237;276.4;30;9389228598;B
20240115;100238;276.32;400;9389228766;S
20240115;100238;276.31;370;9389228767;S
20240115;100238;276.31;1090;9389228768;S
20240115;100238;276.31;370;9389228769;S
20240115;100238;276.3;2000;9389228770;S
20240115;100239;276.3;20;9389228953;B
20240115;100239;276.3;100;9389228954;B
20240115;100239;276.3;10;9389229042;B
20240115;100240;276.3;30;9389229253;B
20240115;100241;276.26;100;9389229411;B
20240115;100241;276.25;20;9389229449;S
20240115;100242;276.26;110;9389229630;B
20240115;100243;276.3;5610;9389229798;B
20240115;100243;276.31;250;9389229880;B
20240115;100244;276.31;910;9389229933;B
20240115;100245;276.31;500;9389230186;B
20240115;100248;276.31;170;9389230541;B
20240115;100248;276.35;700;9389230542;B
20240115;100248;276.36;700;9389230543;B
20240115;100248;276.37;640;9389230544;B
20240115;100248;276.3;10;9389230552;S
20240115;100248;276.39;10;9389230631;B
20240115;100248;276.3;390;9389230664;S
20240115;100248;276.29;610;9389230665;S
20240115;100249;276.3;90;9389230726;S
20240115;100250;276.32;400;9389230931;S
20240115;100250;276.31;550;9389230932;S
20240115;100251;276.39;180;9389231013;B
20240115;100251;276.39;90;9389231045;B
20240115;100252;276.39;10;9389231150;B
20240115;100252;276.39;10;9389231158;B
20240115;100252;276.39;20;9389231174;B
20240115;100252;276.32;400;9389231176;S
20240115;100252;276.31;370;9389231177;S
20240115;100252;276.31;370;9389231178;S
20240115;100252;276.31;260;9389231179;S
20240115;100253;276.39;90;9389231213;B
20240115;100253;276.39;100;9389231217;B
20240115;100253;276.39;80;9389231218;B
20240115;100255;276.32;50;9389231681;S
20240115;100256;276.39;100;9389231730;B
20240115;100256;276.39;150;9389231735;B
20240115;100256;276.32;230;9389231805;S
20240115;100257;276.39;10;9389231875;B
20240115;100257;276.32;200;9389231972;S
20240115;100257;276.32;70;9389231993;S
20240115;100257;276.32;370;9389231994;S
20240115;100257;276.32;100;9389231995;S
20240115;100257;276.31;830;9389231996;S
20240115;100257;276.31;2000;9389231997;S
20240115;100258;276.3;200;9389232105;S
20240115;100258;276.31;30;9389232123;B
20240115;100301;276.31;70;9389232538;B
20240115;100301;276.3;300;9389232544;S
20240115;100301;276.3;700;9389232545;S
20240115;100301;276.28;20;9389232575;S
20240115;100304;276.31;530;9389233046;B
20240115;100304;276.31;10;9389233047;B
20240115;100304;276.31;30;9389233094;B
20240115;100305;276.31;20;9389233213;B
20240115;100306;276.31;700;9389233483;B
20240115;100308;276.31;200;9389233616;B
20240115;100308;276.31;10;9389233745;B
20240115;100308;276.31;10;9389233781;B
20240115;100309;276.31;150;9389233801;B
20240115;100310;276.31;20;9389234006;B
20240115;100311;276.31;1350;9389234087;B
20240115;100311;276.31;10;9389234088;B
20240115;100311;276.31;60;9389234089;B
20240115;100311;276.37;390;9389234090;B
20240115;100311;276.38;400;9389234130;B
20240115;100311;276.38;100;9389234131;B
20240115;100313;276.38;1440;9389234559;B
20240115;100313;276.39;10;9389234560;B
20240115;100313;276.39;2220;9389234561;B
20240115;100313;276.4;1330;9389234562;B
20240115;100320;276.34;10;9389235696;B
20240115;100323;276.34;350;9389236085;B
20240115;100323;276.4;10;9389236168;B
20240115;100325;276.35;10;9389236354;S
20240115;100326;276.35;10;9389236504;S
20240115;100327;276.39;100;9389236655;B
20240115;100327;276.4;18580;9389236656;B
20240115;100328;276.36;10;9389237022;S
20240115;100328;276.4;90;9389237106;B
20240115;100328;276.4;10;9389237107;B
20240115;100329;276.36;10;9389237165;S
20240115;100329;276.4;1000;9389237206;B
20240115;100329;276.4;40;9389237207;B
20240115;100329;276.4;400;9389237208;B
20240115;100329;276.43;2560;9389237209;B
20240115;100329;276.36;1000;9389237234;S
20240115;100330;276.36;370;9389237301;S
20240115;100330;276.36;630;9389237302;S
20240115;100331;276.42;40;9389237498;B
20240115;100332;276.43;360;9389237788;B
20240115;100334;276.4;100;9389237998;S
20240115;100335;276.4;990;9389238179;S
20240115;100335;276.4;370;9389238180;S
20240115;100335;276.4;10;9389238181;S
20240115;100335;276.39;2630;9389238182;S
20240115;100336;276.42;140;9389238227;B
20240115;100336;276.42;170;9389238303;B
20240115;100337;276.42;90;9389238453;B
20240115;100337;276.43;4640;9389238454;B
20240115;100337;276.43;10;9389238455;B
20240115;100337;276.43;1000;9389238456;B
20240115;100337;276.43;10;9389238507;S
20240115;100338;276.43;10;9389238599;S
20240115;100338;276.43;100;9389238753;S
20240115;100339;276.43;50;9389238848;S
20240115;100341;276.43;10;9389239321;S
20240115;100342;276.43;150;9389239430;S
20240115;100343;276.44;20;9389239571;B
20240115;100343;276.43;300;9389239581;S
20240115;100343;276.43;5490;9389239644;S
20240115;100343;276.43;40;9389239645;S
20240115;100343;276.4;100;9389239647;S
20240115;100344;276.43;10;9389239696;B
20240115;100344;276.43;100;9389239704;B
20240115;100345;276.42;10;9389239913;B
20240115;100345;276.4;50;9389239957;S
20240115;100346;276.42;240;9389240027;B
20240115;100346;276.42;10;9389240067;B
20240115;100347;276.4;30;9389240197;S
20240115;100347;276.4;70;9389240333;S
20240115;100347;276.39;320;9389240334;S
20240115;100347;276.38;810;9389240335;S
20240115;100350;276.43;10;9389240742;B
20240115;100350;276.36;80;9389240767;S
20240115;100350;276.4;50;9389240811;B
20240115;100351;276.34;400;9389240836;S
20240115;100351;276.33;590;9389240837;S
20240115;100352;276.4;10;9389241033;B
20240115;100352;276.4;20;9389241066;B
20240115;100354;276.4;21180;9389241462;B
20240115;100354;276.4;400;9389241463;B
20240115;100354;276.4;30;9389241464;B
20240115;100356;276.4;10;9389241779;B
20240115;100357;276.34;50;9389241950;S
20240115;100357;276.36;10;9389241998;B
20240115;100357;276.34;10;9389242018;S
20240115;100358;276.34;210;9389242205;S
20240115;100359;276.39;100;9389242395;B
20240115;100400;276.39;150;9389242463;B
20240115;100401;276.39;120;9389242564;B
20240115;100401;276.34;20;9389242565;S
20240115;100401;276.39;10;9389242651;B
20240115;100402;276.39;710;9389242798;B
20240115;100402;276.39;290;9389242799;B
20240115;100403;276.33;330;9389242892;S
20240115;100403;276.39;50;9389242895;B
20240115;100403;276.39;20;9389242947;B
20240115;100404;276.33;370;9389243043;S
20240115;100404;276.33;400;9389243044;S
20240115;100404;276.32;100;9389243045;S
20240115;100404;276.32;700;9389243046;S
20240115;100404;276.32;430;9389243047;S
20240115;100404;276.39;50;9389243156;B
20240115;100405;276.39;30;9389243227;B
20240115;100407;276.34;400;9389243489;S
20240115;100407;276.34;700;9389243490;S
20240115;100407;276.34;920;9389243491;S
20240115;100407;276.34;980;9389243492;S
20240115;100408;276.34;10;9389243749;S
20240115;100412;276.39;300;9389244288;B
20240115;100412;276.36;400;9389244321;S
20240115;100412;276.36;310;9389244322;S
20240115;100412;276.39;640;9389244393;B
20240115;100412;276.4;60;9389244394;B
20240115;100412;276.4;200;9389244395;B
20240115;100412;276.4;3450;9389244396;B
20240115;100412;276.41;400;9389244397;B
20240115;100414;276.41;10;9389244576;B
20240115;100414;276.4;20;9389244650;S
20240115;100415;276.4;10;9389244736;S
20240115;100415;276.4;5780;9389244740;S
20240115;100415;276.4;440;9389244838;S
20240115;100416;276.4;180;9389245003;S
20240115;100417;276.41;10;9389245173;B
20240115;100417;276.4;1010;9389245262;S
20240115;100417;276.4;6290;9389245277;S
20240115;100417;276.4;3710;9389245278;S
20240115;100417;276.36;10;9389245338;S
20240115;100419;276.36;10;9389245566;S
20240115;100419;276.36;400;9389245573;S
20240115;100419;276.35;300;9389245807;S
20240115;100420;276.39;40;9389246040;B
20240115;100421;276.35;10;9389246118;S
20240115;100422;276.39;330;9389246209;B
20240115;100422;276.39;470;9389246210;B
20240115;100422;276.37;100;9389246269;B
20240115;100422;276.37;270;9389246270;B
20240115;100422;276.37;170;9389246271;B
20240115;100422;276.35;280;9389246301;S
20240115;100424;276.36;100;9389246922;B
20240115;100426;276.36;20;9389247551;B
20240115;100427;276.34;10;9389247588;S
20240115;100427;276.34;10;9389247589;S
20240115;100427;276.34;80;9389247590;S
20240115;100427;276.37;200;9389247601;B
20240115;100427;276.37;100;9389247602;B
20240115;100428;276.37;330;9389247831;B
20240115;100429;276.37;660;9389248051;B
20240115;100429;276.37;370;9389248052;B
20240115;100429;276.37;400;9389248053;B
20240115;100429;276.38;570;9389248054;B
20240115;100429;276.37;30;9389248138;B
20240115;100430;276.37;10;9389248251;B
20240115;100432;276.36;10;9389248569;S
20240115;100433;276.37;10;9389248659;B
20240115;100433;276.36;100;9389248715;S
20240115;100434;276.36;30;9389248808;S
20240115;100434;276.36;50;9389248813;S
20240115;100434;276.37;10;9389248864;B
20240115;100435;276.37;1030;9389248972;B
20240115;100435;276.37;400;9389248973;B
20240115;100435;276.38;1570;9389248974;B
20240115;100435;276.36;210;9389249053;S
20240115;100435;276.36;1000;9389249054;S
20240115;100435;276.36;150;9389249055;S
20240115;100436;276.36;50;9389249138;B
20240115;100440;276.36;10;9389249860;B
20240115;100440;276.36;20;9389249874;B
20240115;100441;276.36;20;9389250100;B
20240115;100443;276.36;10;9389250395;B
20240115;100444;276.36;90;9389250503;B
20240115;100446;276.36;10;9389250922;B
20240115;100447;276.35;10;9389251353;S
20240115;100447;276.35;340;9389251354;S
20240115;100449;276.36;20;9389251615;B
20240115;100449;276.36;10;9389251620;B
20240115;100449;276.36;440;9389251662;B
20240115;100449;276.36;250;9389251663;B
20240115;100449;276.36;250;9389251664;B
20240115;100449;276.36;60;9389251665;B
20240115;100449;276.35;660;9389251691;S
20240115;100450;276.35;30;9389251758;B
20240115;100455;276.35;20;9389252466;B
20240115;100456;276.35;100;9389252720;B
20240115;100456;276.35;70;9389252817;B
20240115;100457;276.35;10;9389252874;B
20240115;100457;276.34;390;9389252974;S
20240115;100457;276.34;10;9389252975;S
20240115;100457;276.34;2910;9389252976;S
20240115;100457;276.34;690;9389252977;S
20240115;100457;276.34;310;9389252980;S
20240115;100457;276.34;310;9389252981;S
20240115;100457;276.34;310;9389252982;S
20240115;100457;276.34;380;9389252983;S
20240115;100457;276.34;380;9389252984;S
20240115;100457;276.34;380;9389252985;S
20240115;100457;276.34;340;9389252986;S
20240115;100457;276.34;40;9389252987;S
20240115;100457;276.34;380;9389252988;S
20240115;100457;276.34;380;9389252989;S
20240115;100457;276.34;960;9389252990;S
20240115;100457;276.34;580;9389252991;S
20240115;100457;276.34;200;9389252992;S
20240115;100457;276.34;200;9389252993;S
20240115;100457;276.34;240;9389252994;S
20240115;100457;276.34;660;9389252995;S
20240115;100457;276.34;660;9389252996;S
20240115;100457;276.34;660;9389252997;S
20240115;100457;276.34;170;9389252998;S
20240115;100457;276.35;10;9389253031;B
20240115;100458;276.35;80;9389253079;B
20240115;100458;276.34;10;9389253125;S
20240115;100458;276.34;10;9389253141;S
20240115;100459;276.34;20;9389253228;S
20240115;100459;276.34;10;9389253348;S
20240115;100500;276.34;10;9389253405;S
20240115;100501;276.35;290;9389253562;B
20240115;100501;276.35;30;9389253563;B
20240115;100501;276.34;50;9389253564;S
20240115;100501;276.35;10;9389253791;B
20240115;100501;276.34;10;9389253794;S
20240115;100502;276.35;210;9389254197;B
20240115;100502;276.35;190;9389254198;B
20240115;100502;276.35;400;9389254199;B
20240115;100502;276.35;200;9389254200;B
20240115;100502;276.35;890;9389254201;B
20240115;100502;276.35;110;9389254202;B
20240115;100502;276.35;1000;9389254208;B
20240115;100502;276.35;60;9389254209;B
20240115;100502;276.35;400;9389254210;B
20240115;100502;276.35;540;9389254211;B
20240115;100502;276.35;200;9389254212;B
20240115;100502;276.35;350;9389254213;B
20240115;100502;276.36;150;9389254214;B
20240115;100502;276.36;500;9389254215;B
20240115;100502;276.36;1000;9389254280;B
20240115;100503;276.36;1000;9389254364;B
20240115;100503;276.36;60;9389254365;B
20240115;100503;276.36;1120;9389254366;B
20240115;100503;276.36;390;9389254367;B
20240115;100503;276.36;1000;9389254368;B
20240115;100503;276.37;10;9389254369;B
20240115;100503;276.39;40;9389254371;B
20240115;100503;276.4;170;9389254378;B
20240115;100503;276.4;60;9389254379;B
20240115;100503;276.4;140;9389254380;B
20240115;100503;276.4;860;9389254381;B
20240115;100503;276.4;990;9389254382;B
20240115;100503;276.4;150;9389254383;B
20240115;100503;276.4;100;9389254384;B
20240115;100503;276.42;130;9389254388;B
20240115;100503;276.42;20;9389254393;B
20240115;100504;276.41;10;9389254651;S
20240115;100505;276.42;250;9389254665;B
20240115;100505;276.41;10;9389254795;S
20240115;100506;276.42;10;9389254974;B
20240115;100507;276.41;30;9389255217;S
20240115;100512;276.42;10;9389256005;B
20240115;100512;276.42;30;9389256006;B
20240115;100512;276.42;250;9389256035;B
20240115;100512;276.42;220;9389256036;B
20240115;100512;276.42;30;9389256037;B
20240115;100512;276.42;80;9389256057;B
20240115;100513;276.41;450;9389256313;S
20240115;100513;276.41;320;9389256314;S
20240115;100513;276.41;360;9389256315;S
20240115;100513;276.41;80;9389256316;S
20240115;100514;276.41;790;9389256409;B
20240115;100514;276.42;70;9389256410;B
20240115;100514;276.42;230;9389256411;B
20240115;100514;276.42;690;9389256515;B
20240115;100515;276.42;50;9389256684;B
20240115;100515;276.42;10;9389256716;B
20240115;100516;276.43;190;9389256950;B
20240115;100516;276.43;10;9389256951;B
20240115;100516;276.43;310;9389256952;B
20240115;100516;276.43;20;9389256959;B
20240115;100516;276.43;80;9389256960;B
20240115;100519;276.42;50;9389257381;S
20240115;100519;276.42;10;9389257382;S
20240115;100519;276.42;20;9389257383;S
20240115;100519;276.41;720;9389257384;S
20240115;100519;276.42;100;9389257393;B
20240115;100520;276.43;90;9389257433;B
20240115;100520;276.43;10;9389257471;B
20240115;100520;276.43;350;9389257616;B
20240115;100521;276.43;1470;9389257681;B
20240115;100521;276.43;4620;9389257682;B
20240115;100521;276.43;70;9389257683;B
20240115;100521;276.44;5110;9389257706;B
20240115;100521;276.44;30;9389257756;B
20240115;100521;276.44;10;9389257757;B
20240115;100522;276.44;1070;9389257979;B
20240115;100522;276.45;30;9389257980;B
20240115;100522;276.45;680;9389257981;B
20240115;100522;276.45;180;9389257988;B
20240115;100523;276.44;100;9389258045;S
20240115;100523;276.45;10;9389258160;B
20240115;100523;276.45;10;9389258235;B
20240115;100524;276.45;220;9389258355;B
20240115;100527;276.45;30;9389258928;B
20240115;100527;276.45;50;9389259167;B
20240115;100528;276.45;20;9389259306;B
20240115;100528;276.45;20;9389259333;B
20240115;100528;276.44;110;9389259379;S
20240115;100530;276.45;10;9389259762;B
20240115;100530;276.44;190;9389259802;S
20240115;100530;276.44;310;9389259803;S
20240115;100531;276.45;5000;9389259880;B
20240115;100531;276.44;3770;9389259923;S
20240115;100531;276.44;370;9389259924;S
20240115;100531;276.44;370;9389259925;S
20240115;100531;276.44;250;9389259926;S
20240115;100531;276.44;160;9389259927;S
20240115;100531;276.44;500;9389259928;S
20240115;100531;276.44;1440;9389259929;S
20240115;100531;276.44;700;9389259930;S
20240115;100532;276.43;450;9389260131;S
20240115;100532;276.43;250;9389260132;S
20240115;100532;276.43;50;9389260133;S
20240115;100532;276.42;80;9389260134;S
20240115;100532;276.42;20;9389260135;S
20240115;100532;276.41;700;9389260136;S
20240115;100532;276.4;700;9389260137;S
20240115;100532;276.4;370;9389260138;S
20240115;100532;276.39;10;9389260139;S
20240115;100532;276.39;340;9389260140;S
20240115;100532;276.4;200;9389260171;B
20240115;100535;276.43;10;9389260732;B
20240115;100535;276.42;10;9389260792;B
20240115;100539;276.43;10;9389261635;B
20240115;100539;276.44;20;9389261636;B
20240115;100539;276.4;10;9389261798;S
20240115;100540;276.44;420;9389261974;B
20240115;100540;276.45;260;9389261975;B
20240115;100542;276.44;870;9389262456;B
20240115;100542;276.45;130;9389262457;B
20240115;100542;276.45;10;9389262510;B
20240115;100545;276.41;30;9389262918;S
20240115;100545;276.44;400;9389263104;B
20240115;100545;276.44;1090;9389263105;B
20240115;100545;276.45;2010;9389263106;B
20240115;100546;276.44;30;9389263211;B
20240115;100546;276.43;10;9389263272;S
20240115;100547;276.44;10;9389263315;B
20240115;100548;276.44;10;9389263631;B
20240115;100549;276.43;190;9389263724;S
20240115;100549;276.41;20;9389263725;S
20240115;100549;276.41;370;9389263726;S
20240115;100549;276.4;420;9389263727;S
20240115;100549;276.44;20;9389263794;B
20240115;100549;276.44;10;9389263803;B
20240115;100551;276.41;30;9389264149;S
20240115;100553;276.44;20;9389264554;B
20240115;100553;276.4;50;9389264678;S
20240115;100554;276.42;190;9389264746;B
20240115;100554;276.43;310;9389264747;B
20240115;100555;276.43;10;9389264944;B
20240115;100557;276.43;10;9389265201;B
20240115;100557;276.4;50;9389265309;S
20240115;100559;276.43;200;9389265589;B
20240115;100559;276.41;720;9389265670;S
20240115;100559;276.4;1110;9389265685;S
20240115;100601;276.43;560;9389265966;B
20240115;100601;276.43;20;9389265967;B
20240115;100601;276.43;100;9389265968;B
20240115;100601;276.44;320;9389265969;B
20240115;100604;276.42;30;9389266352;B
20240115;100606;276.41;10;9389266594;B
20240115;100606;276.4;40;9389266628;S
20240115;100606;276.41;10;9389266766;B
20240115;100607;276.41;380;9389266795;B
20240115;100607;276.42;30;9389266796;B
20240115;100607;276.43;90;9389266797;B
20240115;100607;276.4;50;9389266912;S
20240115;100607;276.41;500;9389266915;B
20240115;100609;276.41;590;9389267218;B
20240115;100609;276.41;410;9389267219;B
20240115;100609;276.4;200;9389267314;S
20240115;100609;276.41;820;9389267331;B
20240115;100612;276.42;10;9389267805;B
20240115;100613;276.42;10;9389268002;B
20240115;100614;276.41;100;9389268200;S
20240115;100615;276.42;20;9389268356;B
20240115;100615;276.42;10;9389268365;B
20240115;100617;276.42;10;9389268644;B
20240115;100617;276.41;10;9389268645;S
20240115;100617;276.42;500;9389268691;B
20240115;100618;276.42;100;9389268732;B
20240115;100618;276.41;10;9389268766;S
20240115;100618;276.42;10;9389268790;B
20240115;100620;276.42;40;9389268967;B
20240115;100620;276.41;10;9389269009;S
20240115;100620;276.41;50;9389269132;S
20240115;100620;276.37;150;9389269140;S
20240115;100620;276.36;10;9389269141;S
20240115;100620;276.35;340;9389269142;S
20240115;100621;276.42;40;9389269181;B
20240115;100622;276.4;100;9389269337;S
20240115;100622;276.41;20;9389269351;B
20240115;100624;276.41;30;9389269658;B
20240115;100624;276.41;200;9389269709;B
20240115;100624;276.41;100;9389269710;B
20240115;100624;276.4;40;9389269737;S
20240115;100624;276.4;20;9389269738;S
20240115;100624;276.4;200;9389269739;S
20240115;100624;276.35;90;9389269740;S
20240115;100625;276.39;170;9389269808;B
20240115;100626;276.38;100;9389269981;B
20240115;100626;276.38;220;9389270034;B
20240115;100626;276.38;370;9389270035;B
20240115;100626;276.38;370;9389270036;B
20240115;100626;276.39;830;9389270037;B
20240115;100626;276.39;1440;9389270038;B
20240115;100626;276.42;1170;9389270039;B
20240115;100626;276.42;160;9389270040;B
20240115;100626;276.42;160;9389270041;B
20240115;100626;276.42;20;9389270042;B
20240115;100626;276.43;1260;9389270043;B
20240115;100626;276.43;1000;9389270044;B
20240115;100626;276.41;30;9389270045;B
20240115;100629;276.38;40;9389270419;B
20240115;100630;276.37;10;9389270642;B
20240115;100630;276.37;100;9389270655;B
20240115;100631;276.36;1000;9389270780;S
20240115;100631;276.36;240;9389270781;S
20240115;100631;276.37;100;9389270892;B
20240115;100632;276.37;10;9389271071;B
20240115;100634;276.37;20;9389271552;B
20240115;100636;276.36;30;9389271779;S
20240115;100636;276.36;50;9389271884;S
20240115;100636;276.36;80;9389271898;S
20240115;100636;276.36;1000;9389271899;S
20240115;100636;276.36;700;9389271900;S
20240115;100637;276.37;10;9389271939;B
20240115;100637;276.38;10;9389271940;B
20240115;100640;276.37;10;9389272470;S
20240115;100640;276.35;570;9389272471;S
20240115;100640;276.35;1000;9389272472;S
20240115;100640;276.35;40;9389272473;S
20240115;100640;276.35;10;9389272474;S
20240115;100640;276.35;160;9389272475;S
20240115;100640;276.35;210;9389272476;S
20240115;100642;276.38;50;9389272863;B
20240115;100644;276.35;140;9389273114;S
20240115;100644;276.36;20;9389273137;B
20240115;100645;276.35;160;9389273312;S
20240115;100645;276.35;10;9389273313;S
20240115;100645;276.35;10;9389273314;S
20240115;100647;276.35;10;9389273792;B
20240115;100648;276.35;20;9389273959;B
20240115;100648;276.35;10;9389274043;B
20240115;100649;276.35;100;9389274093;B
20240115;100649;276.36;820;9389274094;B
20240115;100649;276.38;150;9389274095;B
20240115;100650;276.39;250;9389274350;B
20240115;100650;276.39;750;9389274351;B
20240115;100651;276.39;30;9389274675;B
20240115;100653;276.38;20;9389274933;S
20240115;100655;276.38;1910;9389275319;S
20240115;100655;276.38;10;9389275320;S
20240115;100655;276.38;20;9389275321;S
20240115;100655;276.38;50;9389275410;B
20240115;100658;276.39;100;9389275925;B
20240115;100700;276.38;60;9389276256;S
20240115;100700;276.35;20;9389276257;S
20240115;100701;276.35;120;9389276542;S
20240115;100701;276.34;750;9389276543;S
20240115;100701;276.34;800;9389276544;S
20240115;100701;276.34;550;9389276545;S
20240115;100705;276.36;10;9389277113;B
20240115;100706;276.35;40;9389277282;S
20240115;100707;276.35;660;9389277564;S
20240115;100707;276.34;250;9389277565;S
20240115;100707;276.34;100;9389277566;S
20240115;100707;276.34;100;9389277567;S
20240115;100707;276.34;500;9389277568;S
20240115;100707;276.34;300;9389277569;S
20240115;100707;276.34;700;9389277570;S
20240115;100707;276.34;340;9389277571;S
20240115;100709;276.35;60;9389278029;B
20240115;100709;276.36;10;9389278030;B
20240115;100709;276.36;20;9389278031;B
20240115;100709;276.36;10;9389278032;B
20240115;100710;276.35;10;9389278146;B
20240115;100711;276.34;10;9389278227;S
20240115;100711;276.34;30;9389278301;S
20240115;100712;276.35;10;9389278418;B
20240115;100712;276.35;140;9389278508;B
20240115;100713;276.35;10;9389278569;B
20240115;100714;276.35;50;9389278683;B
20240115;100714;276.35;1000;9389278691;B
20240115;100715;276.35;10;9389278839;B
20240115;100716;276.35;360;9389278890;B
20240115;100716;276.35;370;9389278891;B
20240115;100716;276.35;50;9389278892;B
20240115;100716;276.35;1090;9389278893;B
20240115;100716;276.35;10;9389278894;B
20240115;100716;276.36;10;9389278895;B
20240115;100716;276.36;20;9389278896;B
20240115;100716;276.36;20;9389278897;B
20240115;100716;276.36;1070;9389278898;B
20240115;100716;276.35;90;9389278904;B
20240115;100717;276.36;30;9389279095;B
20240115;100718;276.36;10;9389279220;B
20240115;100720;276.36;100;9389279401;B
20240115;100721;276.35;370;9389279600;S
20240115;100721;276.35;660;9389279601;S
20240115;100722;276.36;1450;9389279733;B
20240115;100722;276.36;250;9389279734;B
20240115;100723;276.37;50;9389279901;B
20240115;100723;276.37;40;9389280074;B
20240115;100723;276.38;170;9389280075;B
20240115;100724;276.37;20;9389280240;S
20240115;100724;276.37;200;9389280244;S
20240115;100725;276.36;140;9389280285;S
20240115;100725;276.36;1090;9389280286;S
20240115;100725;276.36;400;9389280287;S
20240115;100725;276.36;3000;9389280347;B
20240115;100728;276.35;30;9389281159;S
20240115;100730;276.35;340;9389281491;S
20240115;100730;276.35;900;9389281492;S
20240115;100730;276.35;700;9389281493;S
20240115;100730;276.35;400;9389281494;S
20240115;100730;276.35;700;9389281495;S
20240115;100730;276.35;1090;9389281496;S
20240115;100730;276.35;910;9389281525;S
20240115;100730;276.34;470;9389281526;S
20240115;100731;276.36;120;9389281554;B
20240115;100731;276.34;10;9389281582;S
20240115;100731;276.36;10;9389281629;B
20240115;100732;276.35;20;9389281647;S
20240115;100732;276.36;20;9389281658;B
20240115;100732;276.36;220;9389281680;B
