<DATE>;<TIME>;<LAST>;<VOL>;<ID>;<OPER>
20240215;095959;289.3;30;9600581558;S
20240215;095959;289.3;20;9600581559;S
20240215;095959;289.3;10;9600581560;S
20240215;095959;289.3;10;9600581561;S
20240215;095959;289.3;20;9600581562;S
20240215;095959;289.3;10;9600581563;S
20240215;095959;289.3;750;9600581564;B
20240215;095959;289.3;10;9600581565;B
20240215;095959;289.3;10;9600581566;B
20240215;095959;289.3;20;9600581567;B
20240215;095959;289.3;20;9600581568;B
20240215;095959;289.3;300;9600581569;B
20240215;095959;289.3;10;9600581570;B
20240215;095959;289.3;10;9600581571;B
20240215;095959;289.3;10;9600581572;B
20240215;095959;289.3;60;9600581573;B
20240215;095959;289.3;130;9600581574;B
20240215;095959;289.3;10;9600581575;B
20240215;095959;289.3;10;9600581576;B
20240215;095959;289.3;50;9600581577;B
20240215;095959;289.3;10;9600581578;B
20240215;095959;289.3;10;9600581579;B
20240215;095959;289.3;10;9600581580;B
20240215;095959;289.3;5000;9600581581;B
20240215;095959;289.3;40;9600581582;B
20240215;095959;289.3;10;9600581583;B
20240215;095959;289.3;10;9600581584;B
20240215;095959;289.3;70;9600581585;B
20240215;095959;289.3;10;9600581586;B
20240215;095959;289.3;10;9600581587;B
20240215;095959;289.3;20;9600581588;B
20240215;095959;289.3;10;9600581589;B
20240215;095959;289.3;130;9600581590;B
20240215;095959;289.3;10;9600581591;B
20240215;095959;289.3;20;9600581592;S
20240215;095959;289.3;10;9600581593;S
20240215;095959;289.3;100;9600581594;S
20240215;095959;289.3;10;9600581595;S
20240215;095959;289.3;20;9600581596;S
20240215;095959;289.3;80;9600581597;S
20240215;095959;289.3;320;9600581598;S
20240215;095959;289.3;20;9600581599;S
20240215;095959;289.3;60;9600581600;S
20240215;095959;289.3;10;9600581601;S
20240215;095959;289.3;20;9600581602;S
20240215;095959;289.3;10;9600581603;S
20240215;095959;289.3;30;9600581604;S
20240215;095959;289.3;100;9600581605;S
20240215;095959;289.3;30;9600581606;S
20240215;095959;289.3;40;9600581607;S
20240215;095959;289.3;50;9600581608;S
20240215;095959;289.3;10;9600581609;B
20240215;095959;289.3;10;9600581610;S
20240215;095959;289.3;10;9600581611;B
20240215;095959;289.3;20;9600581612;B
20240215;095959;289.3;10;9600581613;B
20240215;095959;289.3;10;9600581614;B
20240215;095959;289.3;30;9600581615;B
20240215;095959;289.3;10;9600581616;B
20240215;095959;289.3;10;9600581617;B
20240215;095959;289.3;10;9600581618;S
20240215;095959;289.3;120;9600581619;B
20240215;095959;289.3;10;9600581620;B
20240215;095959;289.3;10;9600581621;B
20240215;095959;289.3;500;9600581622;B
20240215;095959;289.3;300;9600581623;S
20240215;095959;289.3;1700;9600581624;S
20240215;095959;289.3;10;9600581625;S
20240215;095959;289.3;1000;9600581626;S
20240215;095959;289.3;40;9600581627;B
20240215;095959;289.3;1700;9600581628;B
20240215;095959;289.3;10;9600581629;B
20240215;095959;289.3;350;9600581630;B
20240215;095959;289.3;190;9600581631;S
20240215;095959;289.3;60;9600581632;S
20240215;095959;289.3;30;9600581633;S
20240215;095959;289.3;40;9600581634;S
20240215;095959;289.3;10;9600581635;B
20240215;095959;289.3;50;9600581636;B
20240215;095959;289.3;10;9600581637;B
20240215;095959;289.3;10;9600581638;B
20240215;095959;289.3;190;9600581639;B
20240215;095959;289.3;10;9600581640;B
20240215;095959;289.3;30;9600581641;B
20240215;095959;289.3;10;9600581642;B
20240215;095959;289.3;100;9600581643;B
20240215;095959;289.3;30;9600581644;B
20240215;095959;289.3;10;9600581645;B
20240215;095959;289.3;20;9600581646;B
20240215;095959;289.3;10;9600581647;B
20240215;095959;289.3;10;9600581648;B
20240215;095959;289.3;10;9600581649;B
20240215;095959;289.3;150;9600581650;B
20240215;095959;289.3;130;9600581651;B
20240215;095959;289.3;200;9600581652;B
20240215;095959;289.3;20;9600581653;B
20240215;095959;289.3;150;9600581654;B
20240215;095959;289.3;30;9600581655;B
20240215;095959;289.3;10;9600581656;B
20240215;095959;289.3;20;9600581657;B
20240215;095959;289.3;30;9600581658;B
20240215;095959;289.3;170;9600581659;B
20240215;095959;289.3;10;9600581660;B
20240215;095959;289.3;10;9600581661;B
20240215;095959;289.3;10;9600581662;B
20240215;095959;289.3;30;9600581663;B
20240215;095959;289.3;900;9600581664;B
20240215;095959;289.3;10;9600581665;B
20240215;095959;289.3;10;9600581666;B
20240215;095959;289.3;20;9600581667;B
20240215;095959;289.3;10;9600581668;B
20240215;095959;289.3;20;9600581669;B
20240215;095959;289.3;20;9600581670;B
20240215;095959;289.3;20;9600581671;B
20240215;095959;289.3;20;9600581672;B
20240215;095959;289.3;50;9600581673;B
20240215;095959;289.3;30;9600581674;B
20240215;095959;289.3;10;9600581675;B
20240215;095959;289.3;250;9600581676;B
20240215;095959;289.3;10;9600581677;S
20240215;095959;289.3;50;9600581678;S
20240215;095959;289.3;50;9600581679;S
20240215;095959;289.3;50;9600581680;S
20240215;095959;289.3;100;9600581681;B
20240215;095959;289.3;10;9600581682;B
20240215;095959;289.3;500;9600581683;B
20240215;095959;289.3;2000;9600581684;B
20240215;095959;289.3;50;9600581685;S
20240215;095959;289.3;50;9600581686;S
20240215;095959;289.3;10;9600581687;B
20240215;095959;289.3;20;9600581688;B
20240215;095959;289.3;20;9600581689;B
20240215;095959;289.3;480;9600581690;B
20240215;095959;289.3;10;9600581691;B
20240215;095959;289.3;1510;9600581692;S
20240215;095959;289.3;490;9600581693;B
20240215;095959;289.3;200;9600581694;B
20240215;095959;289.3;20;9600581695;B
20240215;095959;289.3;1290;9600581696;S
20240215;100000;289.26;700;9600581785;S
20240215;100000;289.26;100;9600581786;S
20240215;100000;289.26;1000;9600581787;S
20240215;100000;289.26;340;9600581788;S
20240215;100000;289.25;30;9600581789;S
20240215;100000;289.25;10;9600581790;S
20240215;100000;289.25;260;9600581811;B
20240215;100000;289.25;140;9600581812;B
20240215;100000;289.24;700;9600581821;S
20240215;100000;289.24;330;9600581836;S
20240215;100000;289.22;370;9600581837;S
20240215;100000;289.22;2000;9600581853;S
20240215;100000;289.22;700;9600581854;S
20240215;100000;289.22;700;9600581860;S
20240215;100000;289.22;700;9600581861;S
20240215;100000;289.22;700;9600581888;S
20240215;100000;289.22;300;9600581889;S
20240215;100000;289.22;2000;9600581890;S
20240215;100000;289.22;100;9600581891;S
20240215;100000;289.22;700;9600581897;S
20240215;100000;289.22;100;9600581898;S
20240215;100000;289.22;630;9600581905;S
20240215;100000;289.22;70;9600581906;S
20240215;100000;289.22;330;9600581908;S
20240215;100000;289.22;100;9600581944;B
20240215;100000;289.22;130;9600581946;B
20240215;100000;289.21;10;9600581976;S
20240215;100000;289.21;690;9600581977;S
20240215;100000;289.21;690;9600581978;S
20240215;100000;289.2;70;9600581997;S
20240215;100000;289.2;30;9600581998;S
20240215;100000;289.2;2000;9600581999;S
20240215;100000;289.2;500;9600582000;S
20240215;100000;289.2;100;9600582001;S
20240215;100000;289.2;100;9600582002;S
20240215;100000;289.2;100;9600582003;S
20240215;100000;289.2;700;9600582015;S
20240215;100000;289.2;700;9600582034;S
20240215;100000;289.2;740;9600582035;S
20240215;100000;289.2;1080;9600582036;S
20240215;100000;289.2;700;9600582047;S
20240215;100000;289.2;630;9600582062;S
20240215;100000;289.2;700;9600582065;S
20240215;100000;289.2;50;9600582067;S
20240215;100000;289.2;200;9600582068;S
20240215;100000;289.2;20;9600582069;S
20240215;100000;289.13;100;9600582082;S
20240215;100000;289.11;40;9600582088;S
20240215;100000;289.11;40;9600582089;S
20240215;100000;289.11;50;9600582090;S
20240215;100000;289.1;10;9600582113;S
20240215;100000;289.1;190;9600582114;S
20240215;100000;289.1;50;9600582115;S
20240215;100000;289.1;10;9600582116;S
20240215;100000;289.1;10;9600582117;S
20240215;100000;289.1;100;9600582118;S
20240215;100000;289.1;340;9600582119;S
20240215;100000;289.1;700;9600582120;S
20240215;100000;289.1;1000;9600582128;S
20240215;100000;289.1;300;9600582145;S
20240215;100000;289.11;10;9600582146;B
20240215;100000;289.11;290;9600582178;B
20240215;100000;289.1;1000;9600582188;S
20240215;100000;289.1;360;9600582195;S
20240215;100000;289.1;1000;9600582198;S
20240215;100000;289.1;500;9600582204;S
20240215;100000;289.1;500;9600582207;S
20240215;100000;289.1;1000;9600582208;S
20240215;100000;289.1;500;9600582217;S
20240215;100000;289.1;500;9600582222;S
20240215;100000;289.1;1000;9600582223;S
20240215;100000;289.1;500;9600582228;S
20240215;100000;289.1;500;9600582230;S
20240215;100000;289.1;100;9600582233;S
20240215;100000;289.1;200;9600582236;S
20240215;100000;289.1;60;9600582237;S
20240215;100000;289.1;100;9600582238;S
20240215;100000;289.1;140;9600582239;S
20240215;100000;289.1;100;9600582242;S
20240215;100000;289.1;10;9600582252;S
20240215;100000;289.1;10;9600582253;S
20240215;100000;289.1;1140;9600582254;S
20240215;100000;289.1;100;9600582255;S
20240215;100000;289.1;1230;9600582257;S
20240215;100000;289.1;100;9600582261;S
20240215;100000;289.1;1500;9600582267;S
20240215;100000;289.1;200;9600582312;S
20240215;100000;289.1;1500;9600582314;S
20240215;100000;289.1;500;9600582316;S
20240215;100000;289.1;400;9600582318;S
20240215;100000;289.1;2640;9600582324;S
20240215;100000;289.1;100;9600582325;S
20240215;100000;289.1;120;9600582328;S
20240215;100000;289.1;30;9600582329;S
20240215;100000;289.1;20;9600582330;S
20240215;100000;289.1;3530;9600582331;S
20240215;100000;289.1;500;9600582332;S
20240215;100000;289.11;70;9600582384;B
20240215;100000;289.11;140;9600582385;B
20240215;100000;289.11;300;9600582386;B
20240215;100000;289.11;40;9600582387;B
20240215;100001;289.1;100;9600582637;S
20240215;100001;289.1;400;9600582638;S
20240215;100001;289.1;2000;9600582639;S
20240215;100001;289.1;200;9600582640;S
20240215;100001;289.1;370;9600582641;S
20240215;100001;289.1;1630;9600582642;S
20240215;100001;289.1;1000;9600582643;S
20240215;100001;289.1;300;9600582650;S
20240215;100001;289.1;300;9600582652;S
20240215;100001;289.11;130;9600582677;B
20240215;100001;289.11;60;9600582712;B
20240215;100001;289.11;10;9600582853;B
20240215;100001;289.11;10;9600582869;B
20240215;100001;289.1;170;9600582873;S
20240215;100001;289.11;750;9600582911;B
20240215;100001;289.11;1000;9600582912;B
20240215;100001;289.11;250;9600582913;B
20240215;100001;289.1;10;9600582973;S
20240215;100001;289.11;750;9600583009;B
20240215;100001;289.11;400;9600583010;B
20240215;100001;289.11;60;9600583011;B
20240215;100001;289.11;940;9600583064;B
20240215;100001;289.11;60;9600583065;B
20240215;100001;289.11;10;9600583090;B
20240215;100001;289.11;430;9600583093;B
20240215;100001;289.11;70;9600583094;B
20240215;100001;289.1;340;9600583192;S
20240215;100001;289.11;30;9600583285;B
20240215;100001;289.11;100;9600583286;B
20240215;100001;289.11;300;9600583287;B
20240215;100001;289.11;820;9600583288;B
20240215;100001;289.12;720;9600583289;B
20240215;100001;289.12;280;9600583297;B
20240215;100001;289.13;540;9600583298;B
20240215;100001;289.14;540;9600583299;B
20240215;100001;289.22;260;9600583811;B
20240215;100001;289.22;10;9600583820;B
20240215;100001;289.19;700;9600583834;S
20240215;100001;289.19;300;9600583844;S
20240215;100002;289.17;70;9600584411;B
20240215;100002;289.15;360;9600584497;S
20240215;100004;289.16;10;9600586275;B
20240215;100004;289.16;340;9600586443;B
20240215;100004;289.16;540;9600586444;B
20240215;100004;289.16;400;9600586445;B
20240215;100004;289.17;470;9600586446;B
20240215;100004;289.18;540;9600586447;B
20240215;100004;289.19;540;9600586448;B
20240215;100004;289.2;540;9600586449;B
20240215;100004;289.2;1040;9600586450;B
20240215;100004;289.2;300;9600586452;S
20240215;100004;289.21;160;9600586454;B
20240215;100004;289.21;410;9600586455;B
20240215;100005;289.2;10;9600587091;S
20240215;100005;289.21;130;9600587213;B
20240215;100005;289.21;1040;9600587214;B
20240215;100005;289.21;8830;9600587215;B
20240215;100005;289.21;40;9600587276;B
20240215;100005;289.21;10;9600587323;B
20240215;100005;289.21;10;9600587324;B
20240215;100005;289.21;10;9600587355;B
20240215;100005;289.21;10;9600587357;B
20240215;100005;289.21;10;9600587431;B
20240215;100005;289.21;10;9600587434;B
20240215;100005;289.2;10;9600587464;S
20240215;100005;289.2;130;9600587476;S
20240215;100005;289.2;300;9600587486;S
20240215;100005;289.2;200;9600587514;S
20240215;100005;289.2;240;9600587948;S
20240215;100005;289.21;10;9600587954;B
20240215;100006;289.2;20;9600587961;S
20240215;100006;289.21;10;9600587990;B
20240215;100006;289.21;20;9600587999;B
20240215;100006;289.2;60;9600588010;S
20240215;100006;289.21;10;9600588013;B
20240215;100006;289.21;10;9600588022;B
20240215;100006;289.2;20;9600588026;S
20240215;100006;289.21;10;9600588032;B
20240215;100006;289.2;200;9600588253;S
20240215;100006;289.21;10;9600588260;B
20240215;100006;289.21;10;9600588330;B
20240215;100006;289.2;20;9600588370;S
20240215;100006;289.21;10;9600588407;B
20240215;100006;289.21;10;9600588410;B
20240215;100006;289.2;10;9600588417;S
20240215;100006;289.2;10;9600588448;S
20240215;100006;289.21;10;9600588455;B
20240215;100006;289.21;10;9600588643;B
20240215;100006;289.2;30;9600588644;S
20240215;100006;289.21;10;9600588649;B
20240215;100006;289.21;10;9600588732;B
20240215;100006;289.21;10;9600588735;B
20240215;100006;289.21;10;9600588737;B
20240215;100006;289.21;40;9600588740;B
20240215;100006;289.21;10;9600588746;B
20240215;100006;289.21;10;9600588751;B
20240215;100006;289.21;30;9600588753;B
20240215;100006;289.2;200;9600588899;S
20240215;100006;289.2;20;9600588944;S
20240215;100006;289.2;10;9600588945;S
20240215;100006;289.2;10;9600588946;S
20240215;100006;289.2;200;9600589108;S
20240215;100006;289.2;60;9600589240;S
20240215;100006;289.21;10;9600589432;B
20240215;100006;289.21;530;9600589433;B
20240215;100006;289.21;1040;9600589434;B
20240215;100006;289.21;200;9600589435;B
20240215;100006;289.21;10;9600589559;B
20240215;100007;289.2;100;9600589832;S
20240215;100007;289.21;40;9600589947;B
20240215;100007;289.21;10;9600589948;B
20240215;100007;289.21;10;9600589951;B
20240215;100007;289.21;400;9600589952;B
20240215;100007;289.2;10;9600589989;S
20240215;100007;289.2;50;9600590327;S
20240215;100007;289.2;50;9600590464;S
20240215;100007;289.21;10;9600590467;B
20240215;100007;289.21;10;9600590469;B
20240215;100007;289.21;10;9600590470;B
20240215;100007;289.2;10;9600590471;S
20240215;100008;289.2;300;9600590631;S
20240215;100008;289.2;700;9600590633;S
20240215;100008;289.2;700;9600590634;S
20240215;100008;289.2;700;9600590635;S
20240215;100008;289.2;700;9600590636;S
20240215;100008;289.2;210;9600590637;S
20240215;100008;289.1;490;9600590638;S
20240215;100008;289.16;20;9600591173;B
20240215;100008;289.16;10;9600591174;B
20240215;100008;289.16;10;9600591175;B
20240215;100008;289.15;300;9600591630;S
20240215;100008;289.1;300;9600591631;S
20240215;100009;289.16;220;9600591699;B
20240215;100009;289.2;20;9600592128;B
20240215;100010;289.2;10;9600592164;B
20240215;100010;289.16;500;9600592171;S
20240215;100010;289.22;30;9600592300;B
20240215;100010;289.18;700;9600592303;S
20240215;100010;289.18;100;9600592304;S
20240215;100010;289.18;200;9600592305;S
20240215;100010;289.16;30;9600592321;S
20240215;100010;289.14;30;9600592333;S
20240215;100010;289.16;30;9600592419;S
20240215;100010;289.22;110;9600592433;B
20240215;100010;289.22;130;9600592455;B
20240215;100010;289.22;20;9600592512;B
20240215;100010;289.16;10;9600592519;S
20240215;100010;289.14;10;9600592581;S
20240215;100010;289.22;160;9600592614;B
20240215;100011;289.22;10;9600592689;B
20240215;100011;289.22;10;9600592699;B
20240215;100011;289.22;150;9600592745;B
20240215;100011;289.22;40;9600592802;B
20240215;100011;289.16;10;9600592823;S
20240215;100011;289.22;10;9600592848;B
20240215;100011;289.22;120;9600592864;B
20240215;100011;289.19;10;9600592915;B
20240215;100011;289.14;10;9600592926;S
20240215;100011;289.19;530;9600592973;B
20240215;100011;289.2;50;9600592974;B
20240215;100011;289.2;220;9600592975;B
20240215;100011;289.15;10;9600593061;S
20240215;100011;289.22;20;9600593088;B
20240215;100011;289.22;30;9600593089;B
20240215;100011;289.22;10;9600593104;B
20240215;100012;289.19;10;9600593433;B
20240215;100012;289.11;30;9600593635;S
20240215;100012;289.11;460;9600593636;S
20240215;100012;289.11;200;9600593637;S
20240215;100012;289.1;10;9600593691;S
20240215;100012;289.1;90;9600593759;S
20240215;100012;289.1;90;9600593962;S
20240215;100012;289.16;10;9600593993;B
20240215;100012;289.16;30;9600594007;B
20240215;100012;289.16;120;9600594014;B
20240215;100012;289.16;10;9600594017;B
20240215;100012;289.11;10;9600594099;S
20240215;100012;289.11;10;9600594100;S
20240215;100012;289.16;50;9600594101;B
20240215;100012;289.16;10;9600594174;B
20240215;100012;289.16;240;9600594207;B
20240215;100012;289.11;10;9600594238;S
20240215;100012;289.16;10;9600594275;B
20240215;100012;289.11;10;9600594301;S
20240215;100012;289.16;20;9600594304;B
20240215;100012;289.16;50;9600594315;B
20240215;100013;289.11;10;9600594392;S
20240215;100013;289.11;10;9600594641;S
20240215;100013;289.11;180;9600594647;S
20240215;100013;289.16;20;9600594662;B
20240215;100013;289.11;300;9600594695;S
20240215;100013;289.15;30;9600594815;B
20240215;100013;289.15;320;9600594872;B
20240215;100013;289.15;350;9600594873;B
20240215;100013;289.15;640;9600594874;B
20240215;100014;289.11;400;9600594977;S
20240215;100014;289.1;4840;9600594978;S
20240215;100014;289.1;20;9600595000;S
20240215;100014;289.12;100;9600595051;B
20240215;100014;289.13;10;9600595323;B
20240215;100015;289.1;410;9600595561;S
20240215;100015;289.1;90;9600595562;S
20240215;100015;289.12;20;9600595663;B
20240215;100016;289.1;300;9600596048;S
20240215;100017;289.1;110;9600596087;S
20240215;100017;289.07;30;9600596088;S
20240215;100017;289.08;1000;9600596215;B
20240215;100017;289.08;1000;9600596216;B
20240215;100019;289.08;20;9600596594;S
20240215;100019;289.08;10;9600596690;S
20240215;100020;289.08;10;9600596714;S
20240215;100021;289.09;10;9600597172;B
20240215;100022;289.08;360;9600597434;S
20240215;100022;289.07;80;9600597435;S
20240215;100022;289.07;10;9600597436;S
20240215;100022;289.07;250;9600597437;S
20240215;100022;289.07;10;9600597491;S
20240215;100022;289.07;10;9600597607;B
20240215;100022;289.07;180;9600597648;B
20240215;100022;289.07;200;9600597649;B
20240215;100022;289.07;200;9600597650;B
20240215;100022;289.07;60;9600597651;B
20240215;100023;289.07;10;9600597666;B
20240215;100023;289.06;10;9600597708;S
20240215;100023;289.06;190;9600597709;S
20240215;100023;289.07;10;9600597736;B
20240215;100023;289.06;200;9600597739;S
20240215;100023;289.06;100;9600597821;S
20240215;100023;289.06;200;9600597906;S
20240215;100024;289.06;200;9600597928;S
20240215;100024;289.06;100;9600597976;S
20240215;100024;289.06;200;9600598043;S
20240215;100024;289.07;10;9600598047;B
20240215;100025;289.06;200;9600598105;S
20240215;100025;289.06;200;9600598126;S
20240215;100025;289.07;110;9600598164;B
20240215;100025;289.07;100;9600598165;B
20240215;100025;289.07;200;9600598166;B
20240215;100025;289.08;350;9600598167;B
20240215;100025;289.09;190;9600598168;B
20240215;100025;289.09;540;9600598169;B
20240215;100025;289.1;540;9600598170;B
20240215;100025;289.11;540;9600598171;B
20240215;100025;289.12;540;9600598172;B
20240215;100025;289.12;400;9600598173;B
20240215;100025;289.13;540;9600598174;B
20240215;100025;289.14;540;9600598175;B
20240215;100025;289.15;540;9600598176;B
20240215;100025;289.16;540;9600598177;B
20240215;100025;289.16;20;9600598178;B
20240215;100025;289.17;540;9600598179;B
20240215;100025;289.17;700;9600598180;S
20240215;100025;289.17;700;9600598181;S
20240215;100025;289.17;100;9600598182;S
20240215;100025;289.17;100;9600598189;S
20240215;100025;289.17;100;9600598191;S
20240215;100025;289.17;200;9600598192;S
20240215;100025;289.17;200;9600598229;S
20240215;100025;289.17;100;9600598271;S
20240215;100026;289.17;100;9600598325;S
20240215;100026;289.17;410;9600598334;S
20240215;100026;289.17;100;9600598361;S
20240215;100026;289.17;100;9600598380;S
20240215;100027;289.19;100;9600598434;B
20240215;100027;289.17;20;9600598438;S
20240215;100027;289.17;200;9600598472;S
20240215;100027;289.17;50;9600598473;S
20240215;100027;289.17;100;9600598492;S
20240215;100027;289.17;490;9600598502;S
20240215;100027;289.1;10;9600598503;S
20240215;100028;289.09;300;9600598593;S
20240215;100028;289.18;400;9600598620;B
20240215;100028;289.18;600;9600598621;S
20240215;100028;289.18;100;9600598631;S
20240215;100028;289.18;200;9600598669;S
20240215;100028;289.19;10;9600598684;B
20240215;100028;289.18;200;9600598702;S
20240215;100029;289.19;40;9600598729;B
20240215;100029;289.18;200;9600598740;S
20240215;100029;289.18;100;9600598793;S
20240215;100030;289.19;50;9600599096;B
20240215;100032;289.18;140;9600599341;S
20240215;100034;289.19;10;9600599694;B
20240215;100035;289.18;60;9600599856;S
20240215;100035;289.1;440;9600599857;S
20240215;100036;289.09;30;9600600192;B
20240215;100037;289.09;10;9600600285;B
20240215;100038;289.09;10;9600600412;B
20240215;100038;289.09;10;9600600517;B
20240215;100038;289.09;40;9600600530;B
20240215;100038;289.1;100;9600600531;B
20240215;100038;289.1;100;9600600532;B
20240215;100038;289.11;100;9600600533;B
20240215;100038;289.11;100;9600600534;B
20240215;100038;289.16;1040;9600600535;B
20240215;100038;289.16;350;9600600536;B
20240215;100038;289.16;350;9600600537;B
20240215;100038;289.17;540;9600600538;B
20240215;100038;289.17;280;9600600539;B
20240215;100040;289.19;100;9600600885;B
20240215;100040;289.12;10;9600601049;S
20240215;100040;289.1;540;9600601050;S
20240215;100040;289.1;120;9600601051;S
20240215;100040;289.09;540;9600601052;S
20240215;100040;289.09;1040;9600601053;S
20240215;100040;289.09;250;9600601054;S
20240215;100040;289.19;10;9600601057;B
20240215;100041;289.1;100;9600601088;S
20240215;100041;289.11;250;9600601204;S
20240215;100041;289.1;200;9600601218;S
20240215;100043;289.09;10;9600601712;S
20240215;100044;289.14;400;9600601812;B
20240215;100044;289.15;350;9600601813;B
20240215;100044;289.15;200;9600601814;B
20240215;100046;289.17;400;9600602158;B
20240215;100046;289.17;1030;9600602159;B
20240215;100046;289.18;540;9600602160;B
20240215;100046;289.18;260;9600602161;B
20240215;100046;289.19;430;9600602162;B
20240215;100046;289.19;1040;9600602163;B
20240215;100046;289.2;1300;9600602164;B
20240215;100047;289.18;400;9600602499;B
20240215;100047;289.18;600;9600602500;B
20240215;100047;289.16;50;9600602518;S
20240215;100047;289.12;50;9600602519;S
20240215;100048;289.19;900;9600602564;B
20240215;100048;289.2;10;9600602590;B
20240215;100050;289.16;50;9600602899;S
20240215;100050;289.2;3300;9600602932;B
20240215;100050;289.17;100;9600602967;S
20240215;100051;289.18;50;9600603162;S
20240215;100052;289.2;350;9600603386;B
20240215;100052;289.2;10;9600603482;B
20240215;100053;289.16;40;9600603597;S
20240215;100053;289.2;30;9600603639;B
20240215;100053;289.2;50;9600603640;B
20240215;100053;289.21;260;9600603641;B
20240215;100053;289.22;1000;9600603642;B
20240215;100053;289.22;50;9600603643;B
20240215;100053;289.24;540;9600603644;B
20240215;100053;289.25;1000;9600603645;B
20240215;100053;289.25;1000;9600603646;B
20240215;100053;289.25;1000;9600603647;B
20240215;100053;289.25;610;9600603648;B
20240215;100053;289.25;540;9600603649;B
20240215;100053;289.25;20;9600603650;B
20240215;100053;289.25;400;9600603651;B
20240215;100053;289.26;150;9600603652;B
20240215;100053;289.26;540;9600603653;B
20240215;100053;289.27;540;9600603654;B
20240215;100053;289.27;1030;9600603655;B
20240215;100053;289.28;540;9600603656;B
20240215;100053;289.29;540;9600603657;B
20240215;100053;289.3;10;9600603658;B
20240215;100053;289.3;150;9600603659;B
20240215;100053;289.2;300;9600603660;S
20240215;100053;289.24;200;9600603673;S
20240215;100053;289.24;100;9600603674;S
20240215;100053;289.24;500;9600603675;S
20240215;100053;289.24;100;9600603676;S
20240215;100053;289.23;30;9600603728;S
20240215;100053;289.22;970;9600603729;S
20240215;100054;289.26;30;9600603902;B
20240215;100054;289.26;10;9600603965;B
20240215;100055;289.26;10;9600604072;B
20240215;100056;289.23;10;9600604210;S
20240215;100057;289.26;450;9600604561;B
20240215;100057;289.27;400;9600604562;B
20240215;100057;289.28;2000;9600604563;B
20240215;100057;289.28;20;9600604564;B
20240215;100057;289.29;1130;9600604565;B
20240215;100058;289.29;1030;9600604705;B
20240215;100058;289.3;2000;9600604706;B
20240215;100058;289.3;1970;9600604707;B
20240215;100059;289.31;20;9600604776;B
20240215;100059;289.31;450;9600604777;B
20240215;100059;289.32;30;9600604778;B
20240215;100059;289.27;180;9600604837;S
20240215;100059;289.27;220;9600604862;S
20240215;100059;289.26;20;9600604865;S
20240215;100059;289.26;400;9600604876;S
20240215;100059;289.26;260;9600604877;S
20240215;100059;289.25;1040;9600604878;S
20240215;100059;289.24;2250;9600604879;S
20240215;100059;289.23;380;9600604880;S
20240215;100059;289.24;100;9600604929;B
20240215;100100;289.24;610;9600604978;B
20240215;100100;289.24;340;9600605011;B
20240215;100100;289.3;100;9600605037;S
20240215;100100;289.31;270;9600605050;B
20240215;100100;289.31;20;9600605164;S
20240215;100100;289.28;180;9600605165;S
20240215;100100;289.24;1040;9600605173;S
20240215;100100;289.23;260;9600605174;S
20240215;100100;289.27;540;9600605195;B
20240215;100100;289.27;400;9600605196;B
20240215;100100;289.28;540;9600605197;B
20240215;100100;289.29;540;9600605198;B
20240215;100100;289.3;2000;9600605199;B
20240215;100100;289.3;540;9600605200;B
20240215;100100;289.3;440;9600605201;B
20240215;100100;289.29;10;9600605203;B
20240215;100101;289.29;60;9600605318;B
20240215;100101;289.29;90;9600605340;B
20240215;100101;289.24;30;9600605441;B
20240215;100101;289.24;470;9600605450;B
20240215;100101;289.25;30;9600605451;B
20240215;100102;289.25;20;9600605573;B
20240215;100102;289.29;100;9600605663;B
20240215;100102;289.29;290;9600605679;B
20240215;100102;289.29;2910;9600605680;B
20240215;100102;289.29;300;9600605681;B
20240215;100102;289.29;400;9600605682;B
20240215;100102;289.29;1100;9600605683;B
20240215;100102;289.29;50;9600605686;B
20240215;100103;289.3;2000;9600605776;B
20240215;100103;289.3;3000;9600605777;B
20240215;100103;289.28;10;9600605848;B
20240215;100104;289.3;10;9600605957;B
20240215;100104;289.24;100;9600605988;S
20240215;100105;289.25;30;9600606137;B
20240215;100106;289.24;30;9600606294;S
20240215;100106;289.25;50;9600606314;B
20240215;100107;289.25;20;9600606563;B
20240215;100108;289.24;20;9600606623;S
20240215;100108;289.25;10;9600606675;B
20240215;100109;289.24;40;9600606827;S
20240215;100109;289.25;10;9600606829;B
20240215;100109;289.24;10;9600606886;S
20240215;100110;289.25;100;9600606953;B
20240215;100110;289.25;10;9600606969;B
20240215;100111;289.25;280;9600607137;B
20240215;100111;289.25;250;9600607138;B
20240215;100111;289.25;300;9600607139;B
20240215;100111;289.25;170;9600607140;B
20240215;100111;289.24;100;9600607201;S
20240215;100111;289.25;170;9600607295;B
20240215;100112;289.25;2000;9600607353;B
20240215;100112;289.24;10;9600607381;S
20240215;100112;289.25;10;9600607403;B
20240215;100113;289.24;120;9600607446;S
20240215;100113;289.25;60;9600607490;B
20240215;100113;289.25;20;9600607537;B
20240215;100114;289.25;10;9600607692;B
20240215;100114;289.24;70;9600607769;S
20240215;100114;289.24;170;9600607770;S
20240215;100116;289.24;10;9600607990;S
20240215;100116;289.25;140;9600608015;B
20240215;100116;289.24;20;9600608101;S
20240215;100117;289.25;100;9600608201;B
20240215;100118;289.25;10;9600608286;B
20240215;100118;289.24;270;9600608451;S
20240215;100120;289.25;30;9600608852;B
20240215;100120;289.25;130;9600608953;B
20240215;100120;289.25;10;9600608972;B
20240215;100121;289.25;50;9600609142;B
20240215;100121;289.25;500;9600609172;B
20240215;100121;289.24;10;9600609261;S
20240215;100122;289.25;1000;9600609345;B
20240215;100122;289.25;40;9600609355;B
20240215;100123;289.24;180;9600609528;S
20240215;100123;289.24;210;9600609529;S
20240215;100124;289.25;70;9600609587;B
20240215;100124;289.24;70;9600609589;S
20240215;100124;289.25;480;9600609638;B
20240215;100124;289.25;1000;9600609639;B
20240215;100124;289.25;500;9600609640;B
20240215;100124;289.25;20;9600609641;B
20240215;100124;289.25;20;9600609642;B
20240215;100124;289.3;40;9600609643;B
20240215;100124;289.3;290;9600609644;B
20240215;100124;289.3;500;9600609645;S
20240215;100124;289.3;100;9600609646;S
20240215;100124;289.3;650;9600609647;S
20240215;100124;289.31;10;9600609652;B
20240215;100124;289.31;640;9600609653;B
20240215;100124;289.31;20;9600609670;S
20240215;100124;289.31;40;9600609674;S
20240215;100124;289.3;10;9600609676;S
20240215;100124;289.31;200;9600609679;S
20240215;100124;289.32;10;9600609681;B
20240215;100124;289.31;400;9600609690;S
20240215;100124;289.31;30;9600609728;B
20240215;100125;289.3;200;9600609785;S
20240215;100125;289.3;100;9600609789;S
20240215;100125;289.31;10;9600609810;B
20240215;100125;289.3;10;9600609842;S
20240215;100125;289.31;390;9600609857;B
20240215;100125;289.31;40;9600609858;B
20240215;100126;289.31;1010;9600609894;B
20240215;100126;289.31;400;9600609912;S
20240215;100127;289.32;10;9600610056;B
20240215;100127;289.32;200;9600610170;B
20240215;100128;289.32;10;9600610296;B
20240215;100128;289.32;10;9600610322;B
20240215;100128;289.32;20;9600610351;B
20240215;100128;289.32;10;9600610422;B
20240215;100128;289.32;20;9600610423;B
20240215;100128;289.32;970;9600610424;B
20240215;100129;289.32;30;9600610505;B
20240215;100129;289.32;70;9600610506;B
20240215;100130;289.31;20;9600610573;S
20240215;100130;289.31;10;9600610574;S
20240215;100130;289.3;20;9600610575;S
20240215;100130;289.3;10;9600610577;S
20240215;100130;289.32;10;9600610596;B
20240215;100130;289.32;400;9600610625;B
20240215;100131;289.32;50;9600610760;S
20240215;100131;289.31;70;9600610849;S
20240215;100133;289.33;10;9600611116;B
20240215;100133;289.31;100;9600611124;S
20240215;100133;289.32;10;9600611165;B
20240215;100134;289.32;40;9600611293;B
20240215;100134;289.32;10;9600611319;B
20240215;100135;289.32;10;9600611412;B
20240215;100135;289.31;1830;9600611458;S
20240215;100135;289.3;1050;9600611459;S
20240215;100135;289.28;130;9600611460;S
20240215;100135;289.28;200;9600611461;S
20240215;100136;289.29;400;9600611532;B
20240215;100136;289.29;200;9600611533;B
20240215;100136;289.29;450;9600611534;B
20240215;100136;289.27;10;9600611596;S
20240215;100137;289.29;10;9600611750;B
20240215;100137;289.3;90;9600611751;B
20240215;100138;289.3;2030;9600611867;B
20240215;100138;289.3;3000;9600611868;B
20240215;100138;289.3;400;9600611869;B
20240215;100138;289.31;100;9600611870;B
20240215;100138;289.32;10;9600611871;B
20240215;100138;289.32;540;9600611872;B
20240215;100138;289.33;10;9600611873;B
20240215;100138;289.33;2500;9600611874;B
20240215;100138;289.33;540;9600611875;B
20240215;100138;289.34;20;9600611876;B
20240215;100138;289.34;540;9600611877;B
20240215;100138;289.34;2000;9600611878;B
20240215;100138;289.35;20;9600611879;B
20240215;100138;289.35;540;9600611880;B
20240215;100138;289.35;110;9600611881;B
20240215;100138;289.35;1030;9600611882;B
20240215;100138;289.35;2000;9600611883;B
20240215;100138;289.36;20;9600611884;B
20240215;100138;289.36;250;9600611885;B
20240215;100138;289.36;540;9600611886;B
20240215;100138;289.37;20;9600611887;B
20240215;100138;289.37;540;9600611888;B
20240215;100138;289.38;20;9600611889;B
20240215;100138;289.38;540;9600611890;B
20240215;100138;289.38;2000;9600611891;B
20240215;100138;289.39;20;9600611892;B
20240215;100138;289.39;10;9600611893;B
20240215;100138;289.39;40;9600611894;B
20240215;100138;289.39;1400;9600611895;B
20240215;100138;289.39;540;9600611896;B
20240215;100138;289.39;1560;9600611897;B
20240215;100138;289.39;1220;9600611898;B
20240215;100138;289.4;200;9600611899;B
20240215;100138;289.4;20;9600611900;B
20240215;100138;289.4;40;9600611901;B
20240215;100138;289.4;7500;9600611902;B
20240215;100138;289.4;540;9600611903;B
20240215;100138;289.4;10;9600611904;B
20240215;100138;289.41;20;9600611905;B
20240215;100138;289.41;2000;9600611906;B
20240215;100138;289.41;540;9600611907;B
20240215;100138;289.42;20;9600611908;B
20240215;100138;289.42;6000;9600611909;B
20240215;100138;289.43;500;9600611910;B
20240215;100138;289.43;20;9600611911;B
20240215;100138;289.43;40;9600611912;B
20240215;100138;289.43;10000;9600611913;B
20240215;100138;289.43;3000;9600611914;B
20240215;100138;289.44;20;9600611915;B
20240215;100138;289.44;10;9600611916;B
20240215;100138;289.44;1000;9600611917;B
20240215;100138;289.44;130;9600611918;B
20240215;100138;289.44;2000;9600611919;B
20240215;100138;289.45;10000;9600611920;B
20240215;100138;289.45;20;9600611921;B
20240215;100138;289.46;20;9600611922;B
20240215;100138;289.46;680;9600611923;B
20240215;100138;289.46;2980;9600611924;B
20240215;100138;289.46;20;9600611925;B
20240215;100138;289.47;200;9600611926;B
20240215;100138;289.47;20;9600611927;B
20240215;100138;289.47;20;9600611928;B
20240215;100138;289.47;40;9600611929;B
20240215;100138;289.47;6000;9600611930;B
20240215;100138;289.48;20;9600611931;B
20240215;100138;289.49;10;9600611932;B
20240215;100138;289.49;2000;9600611933;B
20240215;100138;289.49;40;9600611934;B
20240215;100138;289.5;20;9600611935;B
20240215;100138;289.5;20;9600611936;B
20240215;100138;289.5;5770;9600611937;B
20240215;100138;289.5;200;9600611938;B
20240215;100138;289.5;200;9600611939;B
20240215;100138;289.5;500;9600611940;B
20240215;100138;289.5;13500;9600611941;B
20240215;100138;289.47;1300;9600611947;S
20240215;100138;289.47;100;9600611948;S
20240215;100138;289.49;2000;9600611962;B
20240215;100138;289.5;50;9600611963;B
20240215;100138;289.51;20;9600611964;B
20240215;100138;289.51;2000;9600611965;B
20240215;100138;289.52;2000;9600611966;B
20240215;100138;289.53;20;9600611967;B
20240215;100138;289.53;100;9600611968;B
20240215;100138;289.54;20;9600611969;B
20240215;100138;289.54;350;9600611970;B
20240215;100138;289.55;2000;9600611971;B
20240215;100138;289.55;20;9600611972;B
20240215;100138;289.55;40;9600611973;B
20240215;100138;289.56;1380;9600611974;B
20240215;100138;289.51;2000;9600611977;S
20240215;100138;289.52;400;9600611978;S
20240215;100138;289.52;500;9600611979;S
20240215;100138;289.56;1000;9600611983;B
20240215;100138;289.56;20;9600611984;B
20240215;100138;289.56;480;9600611985;B
20240215;100138;289.56;200;9600612023;B
20240215;100138;289.55;150;9600612024;S
20240215;100138;289.56;1000;9600612039;B
20240215;100139;289.55;400;9600612096;S
20240215;100139;289.55;540;9600612097;S
20240215;100139;289.55;2060;9600612098;S
20240215;100139;289.55;10;9600612099;S
20240215;100139;289.56;200;9600612107;B
20240215;100139;289.55;530;9600612172;S
20240215;100139;289.55;400;9600612173;S
20240215;100139;289.54;540;9600612174;S
20240215;100139;289.54;530;9600612175;S
20240215;100139;289.55;540;9600612207;S
20240215;100139;289.54;160;9600612208;S
20240215;100139;289.56;3120;9600612240;B
20240215;100139;289.57;20;9600612241;B
20240215;100139;289.57;40;9600612242;B
20240215;100139;289.58;250;9600612243;B
20240215;100139;289.59;10;9600612244;B
20240215;100139;289.59;10;9600612253;S
20240215;100139;289.59;10;9600612260;S
20240215;100140;289.59;1540;9600612323;S
20240215;100140;289.59;400;9600612324;S
20240215;100140;289.59;60;9600612325;S
20240215;100140;289.6;10;9600612326;B
20240215;100140;289.6;10;9600612327;B
20240215;100140;289.6;50;9600612328;B
20240215;100140;289.61;40;9600612329;B
20240215;100140;289.63;10;9600612330;B
20240215;100140;289.64;10;9600612331;B
20240215;100140;289.65;40;9600612332;B
20240215;100140;289.66;10;9600612333;B
20240215;100140;289.66;10;9600612359;B
20240215;100140;289.65;1030;9600612368;S
20240215;100140;289.65;420;9600612369;S
20240215;100140;289.65;100;9600612370;B
20240215;100140;289.66;20;9600612371;B
20240215;100140;289.67;510;9600612372;B
20240215;100140;289.67;370;9600612373;B
20240215;100140;289.65;20;9600612384;S
20240215;100140;289.67;30;9600612403;B
20240215;100140;289.67;970;9600612404;B
20240215;100140;289.67;540;9600612405;S
20240215;100140;289.67;540;9600612406;B
20240215;100140;289.68;120;9600612423;B
20240215;100140;289.68;10;9600612431;B
20240215;100140;289.68;50;9600612435;B
20240215;100140;289.68;610;9600612437;B
20240215;100140;289.67;500;9600612439;S
20240215;100140;289.68;210;9600612458;B
20240215;100140;289.68;1000;9600612463;B
20240215;100141;289.68;50;9600612477;B
20240215;100141;289.68;900;9600612481;B
20240215;100141;289.68;50;9600612526;B
20240215;100141;289.68;5000;9600612551;B
20240215;100141;289.68;2800;9600612552;B
20240215;100141;289.67;20;9600612612;S
20240215;100141;289.68;10;9600612635;B
20240215;100141;289.68;690;9600612641;B
20240215;100141;289.68;10;9600612642;B
20240215;100141;289.7;10;9600612643;B
20240215;100141;289.7;200;9600612644;B
20240215;100141;289.7;90;9600612645;B
20240215;100142;289.7;310;9600612702;B
20240215;100142;289.71;40;9600612703;B
20240215;100142;289.71;270;9600612704;B
20240215;100142;289.72;200;9600612705;B
20240215;100142;289.73;1030;9600612706;B
20240215;100142;289.74;2870;9600612707;B
20240215;100142;289.75;10;9600612708;B
20240215;100142;289.76;40;9600612709;B
20240215;100142;289.78;10;9600612710;B
20240215;100142;289.78;400;9600612711;B
20240215;100142;289.79;500;9600612712;B
20240215;100142;289.79;10;9600612713;B
20240215;100142;289.8;10;9600612714;B
20240215;100142;289.8;1000;9600612715;B
20240215;100142;289.8;200;9600612716;B
20240215;100142;289.8;50;9600612717;B
20240215;100142;289.8;80;9600612718;B
20240215;100142;289.82;1000;9600612719;B
20240215;100142;289.82;1100;9600612720;B
20240215;100142;289.78;690;9600612742;B
20240215;100142;289.77;20;9600612750;S
20240215;100142;289.76;540;9600612751;S
20240215;100142;289.76;20;9600612752;S
20240215;100142;289.75;350;9600612753;S
20240215;100142;289.75;540;9600612754;S
20240215;100142;289.75;400;9600612755;S
20240215;100142;289.74;540;9600612756;S
20240215;100142;289.73;40;9600612759;S
20240215;100142;289.73;350;9600612760;S
20240215;100142;289.73;540;9600612761;B
20240215;100142;289.72;150;9600612764;S
20240215;100142;289.74;480;9600612821;B
20240215;100142;289.72;20;9600612850;B
20240215;100142;289.72;100;9600612862;B
20240215;100142;289.72;20;9600612863;B
20240215;100142;289.73;40;9600612866;B
20240215;100142;289.74;10;9600612867;B
20240215;100142;289.73;3260;9600612881;B
20240215;100142;289.74;100;9600612885;B
20240215;100142;289.74;50;9600612888;B
20240215;100142;289.73;50;9600612901;S
20240215;100142;289.73;150;9600612906;S
20240215;100142;289.73;220;9600612907;S
20240215;100142;289.73;50;9600612909;B
20240215;100144;289.73;20;9600613045;B
20240215;100144;289.73;600;9600613056;B
20240215;100144;289.73;100;9600613126;B
20240215;100144;289.73;1290;9600613127;B
20240215;100144;289.74;1950;9600613128;B
20240215;100144;289.74;500;9600613129;B
20240215;100144;289.75;10;9600613130;B
20240215;100144;289.77;20;9600613131;B
20240215;100144;289.78;50;9600613132;B
20240215;100144;289.78;400;9600613133;B
20240215;100144;289.81;9260;9600613134;B
20240215;100144;289.81;540;9600613135;B
20240215;100144;289.82;1030;9600613136;B
20240215;100144;289.82;20;9600613137;B
20240215;100144;289.82;540;9600613138;B
20240215;100144;289.83;540;9600613139;B
20240215;100144;289.84;500;9600613140;B
20240215;100144;289.79;10;9600613187;B
20240215;100145;289.79;340;9600613206;B
20240215;100145;289.79;30;9600613266;B
20240215;100145;289.79;1620;9600613321;B
20240215;100145;289.82;400;9600613322;B
20240215;100145;289.84;2680;9600613323;B
20240215;100146;289.8;2000;9600613465;B
20240215;100146;289.83;400;9600613466;B
20240215;100146;289.84;700;9600613467;B
20240215;100146;289.79;50;9600613482;S
20240215;100146;289.79;50;9600613483;S
20240215;100147;289.8;1000;9600613555;B
20240215;100147;289.8;10;9600613585;B
20240215;100147;289.79;50;9600613612;S
20240215;100147;289.79;100;9600613613;S
20240215;100147;289.79;20;9600613614;S
20240215;100147;289.79;20;9600613615;S
20240215;100147;289.79;110;9600613616;S
20240215;100147;289.79;290;9600613648;S
20240215;100147;289.79;210;9600613649;S
20240215;100148;289.79;50;9600613748;S
20240215;100148;289.8;500;9600613839;B
20240215;100148;289.79;500;9600613851;S
20240215;100149;289.79;40;9600614022;S
20240215;100149;289.79;600;9600614023;S
20240215;100149;289.8;490;9600614033;B
20240215;100149;289.82;30;9600614034;B
20240215;100149;289.84;480;9600614035;B
20240215;100149;289.8;400;9600614037;S
20240215;100149;289.8;400;9600614039;S
20240215;100149;289.8;20;9600614082;S
20240215;100149;289.8;130;9600614106;B
20240215;100149;289.8;70;9600614107;B
20240215;100149;289.79;500;9600614117;S
20240215;100150;289.79;300;9600614146;S
20240215;100150;289.79;600;9600614157;S
20240215;100150;289.79;20;9600614158;S
20240215;100150;289.78;20;9600614159;S
20240215;100150;289.77;20;9600614160;S
20240215;100150;289.77;100;9600614161;S
20240215;100150;289.76;100;9600614162;S
20240215;100150;289.73;100;9600614163;S
20240215;100150;289.73;40;9600614164;S
20240215;100150;289.75;400;9600614170;B
20240215;100150;289.76;500;9600614171;B
20240215;100150;289.78;100;9600614172;B
20240215;100150;289.77;400;9600614225;B
20240215;100150;289.78;940;9600614226;B
20240215;100150;289.78;350;9600614227;B
20240215;100150;289.79;350;9600614228;B
20240215;100150;289.79;2000;9600614229;B
20240215;100150;289.81;540;9600614230;B
20240215;100150;289.81;2000;9600614231;B
20240215;100150;289.82;540;9600614232;B
20240215;100150;289.82;300;9600614233;B
20240215;100150;289.83;540;9600614234;B
20240215;100150;289.84;7640;9600614235;B
20240215;100150;289.84;10;9600614236;B
20240215;100150;289.84;540;9600614237;B
20240215;100150;289.85;540;9600614238;B
20240215;100150;289.86;200;9600614239;B
20240215;100150;289.86;540;9600614240;B
20240215;100150;289.86;2000;9600614241;B
20240215;100150;289.87;27570;9600614242;B
20240215;100150;289.8;350;9600614299;B
20240215;100150;289.8;400;9600614300;B
20240215;100150;289.81;290;9600614301;B
20240215;100151;289.75;500;9600614328;S
20240215;100151;289.75;40;9600614334;S
20240215;100151;289.74;50;9600614335;S
20240215;100151;289.74;10;9600614336;S
20240215;100151;289.79;50;9600614359;B
20240215;100151;289.78;10;9600614376;S
20240215;100151;289.79;20;9600614481;B
20240215;100152;289.78;350;9600614501;B
20240215;100152;289.79;150;9600614502;B
20240215;100152;289.79;30;9600614513;B
20240215;100152;289.8;10;9600614514;B
20240215;100152;289.77;40;9600614539;S
20240215;100152;289.77;460;9600614540;S
20240215;100152;289.8;100;9600614576;B
20240215;100152;289.8;40;9600614596;B
20240215;100153;289.79;400;9600614675;B
20240215;100153;289.79;200;9600614676;B
20240215;100153;289.79;100;9600614726;B
20240215;100153;289.75;100;9600614748;S
20240215;100153;289.79;300;9600614754;B
20240215;100153;289.8;20;9600614755;B
20240215;100153;289.8;80;9600614756;B
20240215;100154;289.8;10;9600614767;B
20240215;100154;289.8;70;9600614779;B
20240215;100154;289.76;350;9600614802;S
20240215;100154;289.76;350;9600614803;S
20240215;100154;289.75;50;9600614827;S
20240215;100154;289.79;20;9600614860;B
20240215;100154;289.8;30;9600614861;B
20240215;100154;289.78;350;9600614917;B
20240215;100154;289.79;250;9600614918;B
20240215;100155;289.79;3550;9600614952;B
20240215;100155;289.79;7640;9600614958;B
20240215;100155;289.79;3000;9600614959;B
20240215;100155;289.8;9810;9600614960;B
20240215;100155;289.82;10;9600614961;B
20240215;100155;289.83;10;9600614962;B
20240215;100155;289.83;2000;9600614963;B
20240215;100155;289.83;540;9600614964;B
20240215;100155;289.83;1030;9600614965;B
20240215;100155;289.84;540;9600614966;B
20240215;100155;289.85;540;9600614967;B
20240215;100155;289.86;540;9600614968;B
20240215;100155;289.86;150;9600614969;B
20240215;100155;289.86;10;9600614970;B
20240215;100155;289.87;2430;9600614971;B
20240215;100155;289.87;540;9600614972;B
20240215;100155;289.87;30;9600614973;B
20240215;100155;289.88;2500;9600614974;B
20240215;100155;289.88;5500;9600614975;B
20240215;100155;289.88;450;9600614976;B
20240215;100155;289.88;1000;9600614977;B
20240215;100155;289.88;300;9600614978;B
20240215;100155;289.88;540;9600614979;B
20240215;100155;289.88;2000;9600614980;B
20240215;100155;289.88;2000;9600614981;B
20240215;100155;289.89;10;9600614982;B
20240215;100155;289.89;540;9600614983;B
20240215;100155;289.9;40;9600614984;B
20240215;100155;289.9;50;9600614985;B
20240215;100155;289.9;20;9600614986;B
20240215;100155;289.9;50;9600614987;B
20240215;100155;289.9;100;9600614988;B
20240215;100155;289.9;200;9600614989;B
20240215;100155;289.9;100;9600614990;B
20240215;100155;289.9;3880;9600614991;B
20240215;100155;289.9;5000;9600614992;B
20240215;100155;289.9;1000;9600614993;B
20240215;100155;289.9;1000;9600614994;B
20240215;100155;289.9;540;9600614995;B
20240215;100155;289.91;540;9600614996;B
20240215;100155;289.92;20;9600614997;B
20240215;100155;289.92;3000;9600614998;B
20240215;100155;289.92;540;9600614999;B
20240215;100155;289.92;6000;9600615000;B
20240215;100155;289.94;10;9600615001;B
20240215;100155;289.94;10;9600615002;B
20240215;100155;289.94;50;9600615003;B
20240215;100155;289.95;1000;9600615004;B
20240215;100155;289.95;10;9600615005;B
20240215;100155;289.95;25000;9600615006;B
20240215;100155;289.95;300;9600615007;B
20240215;100155;289.95;1000;9600615008;B
20240215;100155;289.96;10;9600615009;B
20240215;100155;289.96;1870;9600615010;B
20240215;100155;289.97;10;9600615011;B
20240215;100155;289.97;2860;9600615012;B
20240215;100155;289.97;10;9600615013;B
20240215;100155;289.97;1000;9600615014;B
20240215;100155;289.97;1120;9600615015;B
20240215;100155;289.9;1120;9600615021;B
20240215;100155;289.9;400;9600615029;S
20240215;100155;289.9;540;9600615030;S
20240215;100155;289.9;560;9600615031;S
20240215;100155;289.9;300;9600615032;S
20240215;100155;289.9;400;9600615033;S
20240215;100155;289.9;10;9600615034;S
20240215;100155;289.9;200;9600615039;S
20240215;100155;289.9;530;9600615044;S
20240215;100155;289.9;400;9600615045;S
20240215;100155;289.9;70;9600615046;S
20240215;100155;289.85;230;9600615069;S
20240215;100155;289.86;200;9600615078;B
20240215;100155;289.83;100;9600615082;S
20240215;100155;289.83;400;9600615093;S
20240215;100155;289.86;180;9600615096;B
20240215;100155;289.86;10;9600615131;B
20240215;100155;289.85;400;9600615135;S
20240215;100155;289.85;540;9600615136;S
20240215;100155;289.84;20;9600615137;S
20240215;100155;289.84;40;9600615138;S
20240215;100155;289.84;500;9600615139;S
20240215;100155;289.83;500;9600615140;S
20240215;100155;289.86;110;9600615161;B
20240215;100155;289.87;10;9600615162;B
20240215;100155;289.9;320;9600615163;B
20240215;100155;289.9;50;9600615164;B
20240215;100155;289.9;10;9600615171;B
20240215;100155;289.85;540;9600615186;S
20240215;100155;289.84;20;9600615187;S
20240215;100155;289.84;540;9600615188;S
20240215;100155;289.83;540;9600615189;S
20240215;100155;289.83;400;9600615190;S
20240215;100155;289.82;540;9600615191;S
20240215;100155;289.81;540;9600615192;S
20240215;100155;289.81;880;9600615193;S
20240215;100156;289.9;20;9600615247;B
20240215;100156;289.89;400;9600615327;B
20240215;100156;289.9;960;9600615328;B
20240215;100156;289.9;130;9600615329;B
20240215;100156;289.9;340;9600615330;B
20240215;100156;289.91;2000;9600615331;B
20240215;100156;289.91;10;9600615332;B
20240215;100156;289.91;500;9600615333;B
20240215;100156;289.93;660;9600615334;B
20240215;100156;289.84;50;9600615373;S
20240215;100156;289.84;450;9600615374;S
20240215;100157;289.86;10;9600615423;B
20240215;100157;289.9;40;9600615424;B
20240215;100157;289.89;400;9600615442;B
20240215;100157;289.9;1000;9600615443;B
20240215;100157;289.91;2000;9600615444;B
20240215;100157;289.93;540;9600615445;B
20240215;100157;289.93;800;9600615446;B
20240215;100157;289.86;40;9600615503;S
20240215;100157;289.86;400;9600615504;S
20240215;100157;289.85;500;9600615505;S
20240215;100157;289.85;60;9600615506;S
20240215;100157;289.85;30;9600615510;S
20240215;100158;289.88;40;9600615543;B
20240215;100158;289.88;30;9600615548;B
20240215;100158;289.86;50;9600615553;S
20240215;100158;289.85;450;9600615554;S
20240215;100158;289.88;150;9600615638;B
20240215;100158;289.88;100;9600615639;B
20240215;100158;289.9;350;9600615640;B
20240215;100159;289.84;20;9600615705;S
20240215;100159;289.84;480;9600615706;S
20240215;100159;289.9;10;9600615721;B
20240215;100159;289.85;50;9600615744;S
20240215;100159;289.84;60;9600615745;S
20240215;100159;289.84;200;9600615746;S
20240215;100159;289.84;40;9600615747;S
20240215;100159;289.9;60;9600615779;B
20240215;100159;289.81;10;9600615809;S
20240215;100159;289.89;100;9600615810;B
20240215;100159;289.91;400;9600615811;B
20240215;100159;289.81;30;9600615813;S
20240215;100200;289.91;10;9600615828;B
20240215;100200;289.91;70;9600615886;B
20240215;100200;289.84;400;9600615917;S
20240215;100200;289.84;400;9600615921;S
20240215;100200;289.84;540;9600615922;S
20240215;100200;289.83;60;9600615923;S
20240215;100200;289.9;10;9600615944;B
20240215;100200;289.9;150;9600615968;B
20240215;100201;289.9;10;9600615993;B
20240215;100201;289.9;230;9600616008;B
20240215;100201;289.9;2500;9600616009;B
20240215;100201;289.91;1520;9600616010;B
20240215;100201;289.91;900;9600616011;B
20240215;100201;289.92;540;9600616012;B
20240215;100201;289.93;2000;9600616013;B
20240215;100201;289.93;540;9600616014;B
20240215;100201;289.94;100;9600616015;B
20240215;100201;289.94;540;9600616016;B
20240215;100201;289.95;10;9600616017;B
20240215;100201;289.95;70;9600616018;B
20240215;100201;289.95;540;9600616019;B
20240215;100201;289.95;1040;9600616020;B
20240215;100201;289.96;3000;9600616021;B
20240215;100201;289.96;540;9600616022;B
20240215;100201;289.97;540;9600616023;B
20240215;100201;289.97;20;9600616024;B
20240215;100201;289.97;2000;9600616025;B
20240215;100201;289.98;200;9600616026;B
20240215;100201;289.98;30;9600616027;B
20240215;100201;289.98;30;9600616028;B
20240215;100201;289.98;10;9600616029;B
20240215;100201;289.98;540;9600616030;B
20240215;100201;289.98;2560;9600616031;B
20240215;100201;289.93;300;9600616076;B
20240215;100201;289.94;50;9600616085;B
20240215;100201;289.89;500;9600616096;S
20240215;100201;289.89;40;9600616102;S
20240215;100201;289.93;400;9600616110;B
20240215;100201;289.94;100;9600616111;B
20240215;100202;289.89;540;9600616121;S
20240215;100202;289.88;50;9600616122;S
20240215;100202;289.88;540;9600616123;S
20240215;100202;289.87;540;9600616124;S
20240215;100202;289.86;540;9600616125;S
20240215;100202;289.86;400;9600616126;S
20240215;100202;289.85;540;9600616127;S
20240215;100202;289.85;2000;9600616128;S
20240215;100202;289.84;540;9600616129;S
20240215;100202;289.83;1070;9600616130;S
20240215;100202;289.83;540;9600616131;S
20240215;100202;289.83;1000;9600616132;S
20240215;100202;289.83;1030;9600616133;S
20240215;100202;289.82;540;9600616134;S
20240215;100202;289.82;2000;9600616135;S
20240215;100202;289.81;500;9600616136;S
20240215;100202;289.81;2000;9600616137;S
20240215;100202;289.8;630;9600616138;S
20240215;100202;289.91;200;9600616141;B
20240215;100202;289.85;20;9600616156;S
20240215;100202;289.85;30;9600616178;S
20240215;100202;289.84;500;9600616241;S
20240215;100202;289.89;50;9600616255;B
20240215;100202;289.9;500;9600616257;B
20240215;100202;289.9;500;9600616258;B
20240215;100203;289.9;30;9600616288;B
20240215;100203;289.89;10;9600616313;B
20240215;100203;289.9;10;9600616314;B
20240215;100203;289.9;100;9600616412;B
20240215;100203;289.87;400;9600616424;S
20240215;100203;289.86;20;9600616425;S
20240215;100203;289.86;580;9600616426;S
20240215;100203;289.9;150;9600616434;B
20240215;100203;289.87;400;9600616443;S
20240215;100203;289.9;100;9600616444;B
20240215;100204;289.9;100;9600616505;B
20240215;100204;289.9;500;9600616604;B
20240215;100204;289.89;50;9600616630;S
20240215;100204;289.89;50;9600616631;S
20240215;100205;289.9;2010;9600616708;B
20240215;100205;289.9;1950;9600616709;B
20240215;100205;289.9;1040;9600616710;B
20240215;100205;289.91;1000;9600616726;B
20240215;100205;289.91;300;9600616822;B
20240215;100205;289.91;30;9600616840;B
20240215;100205;289.91;10;9600616858;B
20240215;100205;289.91;600;9600616868;B
20240215;100206;289.9;260;9600616876;S
20240215;100206;289.89;140;9600616877;S
20240215;100206;289.91;340;9600616950;B
20240215;100206;289.91;2000;9600616952;B
20240215;100206;289.91;3000;9600616953;B
20240215;100206;289.91;2100;9600616961;B
20240215;100206;289.94;540;9600616962;B
20240215;100206;289.95;540;9600616963;B
20240215;100206;289.96;540;9600616964;B
20240215;100206;289.97;540;9600616965;B
20240215;100206;289.98;440;9600616966;B
20240215;100206;289.98;300;9600616967;B
20240215;100207;289.96;50;9600617082;B
20240215;100207;289.91;1040;9600617090;S
20240215;100207;289.9;400;9600617091;S
20240215;100207;289.9;50;9600617122;B
20240215;100207;289.9;70;9600617268;B
20240215;100207;289.9;1440;9600617269;B
20240215;100207;289.9;200;9600617270;B
20240215;100207;289.89;100;9600617297;S
20240215;100207;289.89;400;9600617298;S
20240215;100207;289.87;540;9600617299;S
20240215;100207;289.87;1040;9600617300;S
20240215;100207;289.87;350;9600617301;S
20240215;100207;289.86;7570;9600617302;S
20240215;100208;289.9;300;9600617315;B
20240215;100208;289.9;20;9600617382;B
20240215;100208;289.9;10;9600617383;B
20240215;100208;289.9;70;9600617398;B
20240215;100208;289.9;80;9600617399;B
20240215;100208;289.9;10;9600617401;B
20240215;100208;289.86;1200;9600617465;S
20240215;100209;289.88;300;9600617496;S
20240215;100209;289.89;400;9600617500;B
20240215;100209;289.9;350;9600617501;B
20240215;100209;289.9;1250;9600617502;B
20240215;100209;289.9;220;9600617503;B
20240215;100209;289.89;20;9600617548;B
20240215;100209;289.89;100;9600617608;B
20240215;100209;289.91;250;9600617646;B
20240215;100210;289.88;300;9600617663;S
20240215;100210;289.91;50;9600617686;B
20240215;100210;289.91;10;9600617687;B
20240215;100210;289.92;540;9600617688;B
20240215;100210;289.93;540;9600617689;B
20240215;100210;289.94;540;9600617690;B
20240215;100210;289.94;2000;9600617691;B
20240215;100210;289.94;400;9600617692;B
20240215;100210;289.95;540;9600617693;B
20240215;100210;289.96;540;9600617694;B
20240215;100210;289.96;1030;9600617695;B
20240215;100210;289.96;1040;9600617696;B
20240215;100210;289.97;540;9600617697;B
20240215;100210;289.97;2000;9600617698;B
20240215;100210;289.98;240;9600617699;B
20240215;100210;289.98;2000;9600617700;B
20240215;100210;289.99;1000;9600617701;B
20240215;100210;289.99;10;9600617702;B
20240215;100210;289.99;10;9600617703;B
20240215;100210;289.99;100;9600617704;B
20240215;100210;289.99;750;9600617705;B
20240215;100210;289.99;10;9600617706;B
20240215;100210;289.99;3000;9600617707;B
20240215;100210;289.99;20;9600617708;B
20240215;100210;289.99;10;9600617709;B
20240215;100210;289.99;370;9600617710;B
20240215;100210;289.99;20;9600617711;B
20240215;100210;289.99;540;9600617712;B
20240215;100210;289.99;100;9600617713;B
20240215;100210;289.99;50;9600617714;B
20240215;100210;290;2240;9600617715;B
20240215;100210;290;40;9600617716;B
20240215;100210;290;500;9600617717;B
20240215;100210;290;80;9600617718;B
20240215;100210;290;100;9600617719;B
20240215;100210;290;100;9600617720;B
20240215;100210;290;10;9600617721;B
20240215;100210;290;300;9600617722;B
20240215;100210;290;20;9600617723;B
20240215;100210;290;10;9600617724;B
20240215;100210;290;110;9600617725;B
20240215;100210;290;10;9600617726;B
20240215;100210;290;40;9600617727;B
20240215;100210;290;500;9600617728;B
20240215;100210;290;100;9600617729;B
20240215;100210;290;40;9600617730;B
20240215;100210;290;40;9600617731;B
20240215;100210;290;40;9600617732;B
20240215;100210;290;10;9600617733;B
20240215;100210;290;30;9600617734;B
20240215;100210;290;10;9600617735;B
20240215;100210;290;2070;9600617736;B
20240215;100210;290;100;9600617737;B
20240215;100210;290;180;9600617738;B
20240215;100210;290;20;9600617739;B
20240215;100210;290;20;9600617740;B
20240215;100210;290;10;9600617741;B
20240215;100210;290;10;9600617742;B
20240215;100210;290;10;9600617743;B
20240215;100210;290;100;9600617744;B
20240215;100210;290;20;9600617745;B
20240215;100210;290;10;9600617746;B
20240215;100210;290;10;9600617747;B
20240215;100210;290;5000;9600617748;B
20240215;100210;290;10;9600617749;B
20240215;100210;290;50;9600617750;B
20240215;100210;290;600;9600617751;B
20240215;100210;290;10;9600617752;B
20240215;100210;290;10;9600617753;B
20240215;100210;290;10;9600617754;B
20240215;100210;290;10;9600617755;B
20240215;100210;290;50;9600617756;B
20240215;100210;290;500;9600617757;B
20240215;100210;290;1000;9600617758;B
20240215;100210;290;100;9600617759;B
20240215;100210;290;10;9600617760;B
20240215;100210;290;20;9600617761;B
20240215;100210;290;300;9600617762;B
20240215;100210;290;60;9600617763;B
20240215;100210;290;10;9600617764;B
20240215;100210;290;10;9600617765;B
20240215;100210;290;200;9600617766;B
20240215;100210;290;2300;9600617767;B
20240215;100210;290;30;9600617768;B
20240215;100210;290;1000;9600617769;B
20240215;100210;290;2500;9600617770;B
20240215;100210;290;200;9600617771;B
20240215;100210;290;10;9600617772;B
20240215;100210;290;220;9600617773;B
20240215;100210;290;10;9600617774;B
20240215;100210;290;50;9600617775;B
20240215;100210;290;100;9600617776;B
20240215;100210;290;100;9600617777;B
20240215;100210;290;50;9600617778;B
20240215;100210;290;10;9600617779;B
20240215;100210;290;30;9600617780;B
20240215;100210;290;10;9600617781;B
20240215;100210;290;500;9600617782;B
20240215;100210;290;20;9600617783;B
20240215;100210;290;10;9600617784;B
20240215;100210;290;10;9600617785;B
20240215;100210;290;400;9600617786;B
20240215;100210;290;10;9600617787;B
20240215;100210;290;160;9600617788;B
20240215;100210;290;30;9600617789;B
20240215;100210;290;1000;9600617790;B
20240215;100210;290;90;9600617791;B
20240215;100210;290;10;9600617792;B
20240215;100210;290;10;9600617793;B
20240215;100210;290;540;9600617794;B
20240215;100210;290.01;10;9600617795;B
20240215;100210;290.01;10;9600617796;B
20240215;100210;290.01;10;9600617797;B
20240215;100210;290.01;330;9600617798;B
20240215;100210;290.01;3000;9600617799;B
20240215;100210;290.01;540;9600617800;B
20240215;100210;290.04;350;9600617801;B
20240215;100210;290.05;2000;9600617802;B
20240215;100210;290.05;1000;9600617803;B
20240215;100210;290.06;50;9600617804;B
20240215;100210;290.06;150;9600617805;B
20240215;100210;290.06;40;9600617806;B
20240215;100210;290.06;10;9600617807;B
20240215;100210;290.06;6000;9600617808;B
20240215;100210;290.07;10;9600617809;B
20240215;100210;290.08;50;9600617810;B
20240215;100210;290.08;10000;9600617811;B
20240215;100210;290.09;20;9600617812;B
20240215;100210;290.1;1000;9600617813;B
20240215;100210;290.1;10;9600617814;B
20240215;100210;290.1;40;9600617815;B
20240215;100210;290.1;600;9600617816;B
20240215;100210;290.1;850;9600617817;B
20240215;100210;290.1;200;9600617818;B
20240215;100210;290.1;200;9600617819;B
20240215;100210;290.1;5000;9600617820;B
20240215;100210;290.1;20000;9600617821;B
20240215;100210;290.11;10;9600617822;B
20240215;100210;290.11;10;9600617823;B
20240215;100210;290.11;6000;9600617824;B
20240215;100210;290.12;10;9600617825;B
20240215;100210;290.12;20;9600617826;B
20240215;100210;290.12;210;9600617827;B
20240215;100210;290.11;40;9600617828;B
20240215;100210;289.91;450;9600617829;B
20240215;100210;289.97;400;9600617830;S
20240215;100210;289.98;400;9600617831;S
20240215;100210;289.92;200;9600617832;S
20240215;100210;289.92;200;9600617833;S
20240215;100210;289.92;500;9600617834;S
20240215;100210;289.92;500;9600617835;B
20240215;100210;289.91;10;9600617836;S
20240215;100210;289.91;530;9600617840;S
20240215;100210;289.91;180;9600617841;S
20240215;100210;289.92;50;9600617842;B
20240215;100210;289.92;350;9600617843;B
20240215;100210;289.92;500;9600617844;B
20240215;100210;289.92;1000;9600617845;B
20240215;100210;289.95;80;9600617846;B
20240215;100210;289.99;400;9600617847;B
20240215;100210;290;20;9600617848;B
20240215;100210;290;1040;9600617849;B
20240215;100210;290;100;9600617850;B
20240215;100210;290;80;9600617851;B
20240215;100210;290.01;540;9600617852;B
20240215;100210;290.02;2000;9600617853;B
20240215;100210;290.02;540;9600617854;B
20240215;100210;290.03;540;9600617855;B
20240215;100210;290.04;540;9600617856;B
20240215;100210;290.05;540;9600617857;B
20240215;100210;290.06;540;9600617858;B
20240215;100210;290.06;1030;9600617859;B
20240215;100210;290.07;160;9600617860;B
20240215;100210;290;1000;9600617862;B
20240215;100210;290;40;9600617865;B
20240215;100210;289.98;10;9600617866;S
20240215;100210;290;960;9600617870;B
20240215;100210;290;3000;9600617871;B
20240215;100210;290;300;9600617872;B
20240215;100210;290.02;2000;9600617873;B
20240215;100210;290.06;1040;9600617874;B
20240215;100210;290.06;400;9600617875;B
20240215;100210;290.07;2840;9600617876;B
20240215;100210;290.07;540;9600617877;B
20240215;100210;290.08;540;9600617878;B
20240215;100210;290.09;540;9600617879;B
20240215;100210;290.1;540;9600617880;B
20240215;100210;290.1;2000;9600617886;S
20240215;100210;290.1;1000;9600617887;S
20240215;100210;290.1;300;9600617888;S
20240215;100210;290.1;100;9600617889;S
20240215;100210;290.1;500;9600617890;S
20240215;100210;290.1;200;9600617891;S
20240215;100210;290.1;1500;9600617892;S
20240215;100210;290.1;200;9600617893;S
20240215;100210;290.1;1000;9600617894;S
20240215;100210;290.1;900;9600617895;S
20240215;100210;290.1;100;9600617897;S
20240215;100210;290.1;20;9600617898;S
20240215;100210;290.11;50;9600617899;B
20240215;100210;290.11;50;9600617900;B
20240215;100210;290.11;670;9600617901;B
20240215;100210;290.1;1000;9600617903;S
20240215;100210;290.1;300;9600617905;S
20240215;100210;290.1;400;9600617906;S
20240215;100210;290.1;100;9600617907;S
20240215;100210;290.1;900;9600617908;S
20240215;100210;290.1;200;9600617909;S
20240215;100210;290.1;1000;9600617910;S
20240215;100210;290.1;300;9600617912;S
20240215;100210;290.1;100;9600617913;S
20240215;100210;290.1;400;9600617914;S
20240215;100210;290.1;300;9600617915;S
20240215;100210;290.1;300;9600617916;S
20240215;100210;290.1;300;9600617921;S
20240215;100210;290.1;500;9600617923;S
20240215;100210;290.1;300;9600617924;S
20240215;100210;290.1;300;9600617925;S
20240215;100210;290.1;100;9600617926;S
20240215;100210;290.1;1000;9600617927;S
20240215;100210;290.11;100;9600617928;B
20240215;100210;290.1;300;9600617929;S
20240215;100210;290.1;100;9600617930;S
20240215;100210;290.1;500;9600617931;S
20240215;100210;290.1;100;9600617932;S
20240215;100210;290.11;100;9600617933;B
20240215;100210;290.1;300;9600617934;S
20240215;100210;290.1;400;9600617935;S
20240215;100210;290.1;500;9600617936;S
20240215;100210;290.1;100;9600617937;S
20240215;100210;290.1;300;9600617938;S
20240215;100210;290.1;500;9600617939;S
20240215;100210;290.1;200;9600617940;S
20240215;100210;290.1;200;9600617941;S
20240215;100210;290.1;300;9600617942;S
20240215;100210;290.1;100;9600617946;S
20240215;100210;290.1;100;9600617947;S
20240215;100210;290.1;1200;9600617948;S
20240215;100210;290.1;200;9600617949;S
20240215;100210;290.1;1300;9600617950;S
20240215;100210;290.1;100;9600617951;S
20240215;100210;290.1;200;9600617952;S
20240215;100210;290.1;100;9600617953;S
20240215;100210;290.1;100;9600617954;S
20240215;100210;290.1;500;9600617955;S
20240215;100210;290.1;100;9600617956;S
20240215;100210;290.1;100;9600617957;S
20240215;100210;290.1;500;9600617958;S
20240215;100210;290.1;200;9600617959;S
20240215;100210;290.1;300;9600617960;S
20240215;100210;290.1;400;9600617961;S
20240215;100210;290.1;300;9600617962;S
20240215;100210;290.1;300;9600617963;S
20240215;100210;290.11;50;9600617969;B
20240215;100210;290.11;10;9600617980;B
20240215;100210;290.1;900;9600617982;S
20240215;100210;290.1;10;9600617985;S
20240215;100210;290.11;20;9600617986;B
20240215;100210;290.11;20;9600617990;B
20240215;100210;290.11;40;9600617991;B
20240215;100210;290.1;1000;9600617995;S
20240215;100210;290.11;990;9600617996;B
20240215;100210;290.11;300;9600617997;B
20240215;100210;290.11;500;9600617998;B
20240215;100210;290.11;100;9600617999;B
20240215;100210;290.11;110;9600618000;B
20240215;100210;290.1;150;9600618001;S
20240215;100210;290.1;200;9600618002;S
20240215;100210;290.1;150;9600618003;S
20240215;100210;290.1;10;9600618004;S
20240215;100210;290.1;2000;9600618005;S
20240215;100210;290.1;10;9600618006;S
20240215;100210;290.1;25000;9600618007;S
20240215;100210;290.1;100;9600618008;S
20240215;100210;290.1;100;9600618009;S
20240215;100210;290.11;90;9600618010;B
20240215;100210;290.11;110;9600618011;B
20240215;100210;290.1;610;9600618012;S
20240215;100210;290.1;20;9600618014;S
20240215;100210;290.1;90;9600618015;S
20240215;100210;290.11;800;9600618016;B
20240215;100210;290.11;850;9600618017;B
20240215;100210;290.1;30;9600618021;S
20240215;100210;290.1;2720;9600618022;S
20240215;100210;290.11;150;9600618023;B
20240215;100210;290.11;1040;9600618024;B
20240215;100210;290.11;1310;9600618025;B
20240215;100210;290.1;380;9600618026;S
20240215;100210;290.1;10;9600618027;S
20240215;100210;290.1;50;9600618028;S
20240215;100210;290.1;70;9600618029;S
20240215;100210;290.1;100;9600618048;S
20240215;100210;290.1;30;9600618050;S
20240215;100210;290.1;10;9600618052;S
20240215;100210;290.1;650;9600618053;S
20240215;100210;290.1;100;9600618054;S
20240215;100210;290.1;1000;9600618060;S
20240215;100210;290.11;10;9600618071;B
20240215;100210;290.1;130;9600618072;S
20240215;100210;290.11;390;9600618073;B
20240215;100210;290.11;70;9600618074;B
20240215;100210;290.11;220;9600618075;B
20240215;100210;290.11;280;9600618076;B
20240215;100210;290.1;10;9600618080;S
20240215;100210;290.1;30;9600618081;S
20240215;100210;290.1;30;9600618082;S
20240215;100210;290.1;10;9600618093;S
20240215;100211;290.1;50;9600618104;S
20240215;100211;290.1;20;9600618113;S
20240215;100211;290.1;60;9600618120;S
20240215;100211;290.1;600;9600618146;S
20240215;100211;290.11;100;9600618152;B
20240215;100211;290.1;50;9600618154;S
20240215;100211;290.1;30;9600618155;S
20240215;100211;290.1;10;9600618156;S
20240215;100211;290.1;100;9600618157;S
20240215;100211;290.1;40;9600618159;S
20240215;100211;290.1;50;9600618160;S
20240215;100211;290.11;40;9600618161;B
20240215;100211;290.1;150;9600618163;S
20240215;100211;290.1;10;9600618166;S
20240215;100211;290.1;30;9600618168;S
20240215;100211;290.1;10;9600618170;S
20240215;100211;290.1;10;9600618171;S
20240215;100211;290.1;20;9600618172;S
20240215;100211;290.1;50;9600618173;S
20240215;100211;290.1;40;9600618174;S
20240215;100211;290.1;20;9600618175;S
20240215;100211;290.1;150;9600618176;S
20240215;100211;290.1;150;9600618177;S
20240215;100211;290.1;50;9600618178;S
20240215;100211;290.11;40;9600618179;B
20240215;100211;290.1;40;9600618180;S
20240215;100211;290.1;10;9600618181;S
20240215;100211;290.1;20;9600618185;S
20240215;100211;290.1;20;9600618186;S
20240215;100211;290.1;10;9600618188;S
20240215;100211;290.1;20;9600618190;S
20240215;100211;290.1;10;9600618191;S
20240215;100211;290.1;10;9600618192;S
20240215;100211;290.1;20;9600618206;S
20240215;100211;290.1;3000;9600618209;S
20240215;100211;290.1;960;9600618211;S
20240215;100211;290.1;100;9600618214;S
20240215;100211;290.1;200;9600618215;S
20240215;100211;290.1;550;9600618229;S
20240215;100211;290.1;210;9600618231;S
20240215;100211;290.1;40;9600618233;S
20240215;100211;290.1;390;9600618256;S
20240215;100211;290.1;80;9600618257;S
20240215;100211;290.1;30;9600618264;S
20240215;100211;290.1;20;9600618268;S
20240215;100211;290.1;10;9600618275;S
20240215;100211;290.1;10;9600618277;S
20240215;100211;290.1;30;9600618289;S
20240215;100211;290.1;60;9600618292;S
20240215;100211;290.1;20;9600618307;S
20240215;100211;290.1;300;9600618308;S
20240215;100211;290.1;230;9600618310;S
20240215;100211;290.1;5000;9600618312;S
20240215;100211;290.1;20;9600618315;S
20240215;100211;290.1;40;9600618317;S
20240215;100211;290.1;10;9600618318;S
20240215;100211;290.1;50;9600618319;S
20240215;100211;290.1;110;9600618321;S
20240215;100211;290.1;20;9600618323;S
20240215;100211;290.1;40;9600618325;S
20240215;100211;290.1;200;9600618330;S
20240215;100211;290.1;40;9600618331;S
20240215;100212;290.1;60;9600618337;S
20240215;100212;290.1;40;9600618339;S
20240215;100212;290.11;10;9600618343;B
20240215;100212;290.11;570;9600618353;B
20240215;100212;290.11;1130;9600618354;B
20240215;100212;290.1;20;9600618356;S
20240215;100212;290.1;30;9600618357;S
20240215;100212;290.1;40;9600618359;S
20240215;100212;290.1;40;9600618366;S
20240215;100212;290.1;300;9600618369;S
20240215;100212;290.1;30;9600618370;S
20240215;100212;290.1;50;9600618373;S
20240215;100212;290.1;200;9600618375;S
20240215;100212;290.11;10;9600618376;B
20240215;100212;290.1;80;9600618392;S
20240215;100212;290.1;200;9600618393;S
20240215;100212;290.11;100;9600618394;B
20240215;100212;290.1;10;9600618395;S
20240215;100212;290.1;850;9600618399;S
20240215;100212;290.1;10;9600618402;S
20240215;100212;290.1;40;9600618403;S
20240215;100212;290.11;350;9600618478;B
20240215;100212;290.11;340;9600618479;B
20240215;100212;290.1;1150;9600618490;S
20240215;100212;290.1;110;9600618507;S
20240215;100212;290.1;50;9600618541;S
20240215;100213;290.1;500;9600618619;S
20240215;100213;290.1;100;9600618620;S
20240215;100213;290.1;100;9600618632;S
20240215;100213;290.11;60;9600618644;B
20240215;100213;290.11;140;9600618645;B
20240215;100213;290.1;100;9600618649;S
20240215;100213;290.1;100;9600618658;S
20240215;100213;290.11;10;9600618686;B
20240215;100213;290.1;100;9600618696;S
20240215;100213;290.11;70;9600618719;B
20240215;100214;290.1;30;9600618755;S
20240215;100214;290.1;10;9600618757;S
20240215;100214;290.11;1920;9600618765;B
20240215;100214;290.11;80;9600618766;B
20240215;100214;290.1;300;9600618779;S
20240215;100214;290.11;10;9600618789;B
20240215;100214;290.11;950;9600618791;B
20240215;100214;290.11;350;9600618792;B
20240215;100214;290.11;700;9600618793;B
20240215;100214;290.11;400;9600618814;B
20240215;100214;290.11;100;9600618815;B
20240215;100214;290.11;40;9600618833;B
20240215;100214;290.11;460;9600618834;B
20240215;100214;290.11;580;9600618835;B
20240215;100214;290.11;400;9600618836;B
20240215;100214;290.11;3000;9600618837;B
20240215;100214;290.11;1680;9600618838;B
20240215;100214;290.1;300;9600618846;S
20240215;100214;290.11;820;9600618855;B
20240215;100214;290.11;180;9600618856;B
20240215;100214;290.1;400;9600618889;S
20240215;100214;290.11;220;9600618891;B
20240215;100214;290.11;170;9600618892;B
20240215;100215;290.1;100;9600618918;S
20240215;100215;290.1;100;9600618944;S
20240215;100215;290.1;100;9600618962;S
20240215;100215;290.1;100;9600618978;S
20240215;100215;290.11;870;9600618991;B
20240215;100215;290.11;200;9600618992;B
20240215;100215;290.11;3000;9600618993;B
20240215;100215;290.11;350;9600618994;B
20240215;100215;290.11;400;9600618995;B
20240215;100215;290.11;50;9600618996;B
20240215;100215;290.11;2500;9600618997;B
20240215;100215;290.12;440;9600618998;B
20240215;100215;290.12;12190;9600618999;B
20240215;100215;290.11;150;9600619001;B
20240215;100215;290.1;10;9600619146;S
20240215;100216;290.1;10;9600619227;S
20240215;100216;290.11;10;9600619303;B
20240215;100217;290.11;10;9600619316;B
20240215;100217;290.11;500;9600619356;B
20240215;100217;290.11;500;9600619372;B
20240215;100217;290.11;250;9600619379;B
20240215;100217;290.11;10;9600619385;B
20240215;100217;290.1;1000;9600619413;S
20240215;100217;290.11;10;9600619426;B
20240215;100217;290.1;250;9600619452;S
20240215;100218;290.1;100;9600619491;S
20240215;100218;290.1;1000;9600619494;S
20240215;100218;290.11;500;9600619499;B
20240215;100218;290.11;100;9600619540;B
20240215;100218;290.1;3000;9600619542;S
20240215;100218;290.1;100;9600619569;S
20240215;100218;290.11;230;9600619572;B
20240215;100218;290.11;20;9600619573;B
20240215;100219;290.11;340;9600619642;B
20240215;100219;290.11;940;9600619689;B
20240215;100219;290.11;10;9600619690;B
20240215;100219;290.1;30;9600619693;S
20240215;100219;290.11;50;9600619710;B
20240215;100219;290.1;300;9600619716;S
20240215;100219;290.1;100;9600619719;S
20240215;100219;290.11;750;9600619737;B
20240215;100220;290.11;540;9600619762;S
20240215;100220;290.11;400;9600619763;S
20240215;100220;290.1;790;9600619764;S
20240215;100220;290.1;1000;9600619765;S
20240215;100220;290.1;10;9600619766;S
20240215;100220;290.1;10;9600619767;S
20240215;100220;290.1;540;9600619768;S
20240215;100220;290.1;10;9600619769;S
20240215;100220;290.09;200;9600619822;B
20240215;100220;290.09;350;9600619823;B
20240215;100220;290.1;700;9600619824;B
20240215;100220;290.11;600;9600619825;B
20240215;100220;290.11;200;9600619826;B
20240215;100220;290.11;200;9600619827;B
20240215;100220;290.12;12810;9600619828;B
20240215;100220;290.13;10;9600619829;B
20240215;100220;290.13;3000;9600619830;B
20240215;100220;290.13;1930;9600619838;S
20240215;100220;290.13;70;9600619839;S
20240215;100220;290.14;10;9600619842;B
20240215;100220;290.15;100;9600619843;B
20240215;100220;290.15;500;9600619844;B
20240215;100220;290.17;20;9600619845;B
20240215;100220;290.18;100;9600619846;B
20240215;100220;290.18;350;9600619847;B
20240215;100220;290.19;10;9600619848;B
20240215;100220;290.19;20;9600619849;B
20240215;100220;290.19;2000;9600619850;B
20240215;100220;290.2;10;9600619851;B
20240215;100220;290.2;10;9600619852;B
20240215;100220;290.2;10;9600619853;B
20240215;100220;290.2;1000;9600619854;B
20240215;100220;290.2;200;9600619855;B
20240215;100220;290.2;100;9600619856;B
20240215;100220;290.2;20;9600619857;B
20240215;100220;290.2;10;9600619858;B
20240215;100220;290.22;60;9600619859;B
20240215;100220;290.22;900;9600619860;B
20240215;100220;290.23;50;9600619861;B
20240215;100220;290.23;540;9600619862;B
20240215;100220;290.23;400;9600619863;B
20240215;100220;290.24;540;9600619864;B
20240215;100220;290.24;3000;9600619865;B
20240215;100220;290.24;40;9600619866;B
20240215;100220;290.19;10;9600619990;B
20240215;100220;290.19;240;9600619991;B
20240215;100220;290.2;100;9600619992;B
20240215;100220;290.2;50;9600619993;B
20240215;100220;290.2;350;9600619994;B
20240215;100220;290.21;260;9600619995;B
20240215;100220;290.19;160;9600619997;B
20240215;100220;290.19;10;9600620007;B
20240215;100220;290.13;10;9600620008;S
20240215;100221;290.19;1000;9600620016;B
20240215;100221;290.13;390;9600620029;S
20240215;100221;290.13;110;9600620030;S
20240215;100221;290.13;10;9600620042;S
20240215;100221;290.19;60;9600620085;B
20240215;100221;290.18;20;9600620113;B
20240215;100221;290.18;250;9600620114;B
20240215;100221;290.18;200;9600620130;B
20240215;100222;290.16;20;9600620161;S
20240215;100222;290.16;10;9600620162;S
20240215;100222;290.2;20;9600620170;B
20240215;100222;290.25;10;9600620171;B
20240215;100222;290.25;10;9600620172;B
20240215;100222;290.25;560;9600620173;B
20240215;100222;290.25;10;9600620215;B
20240215;100222;290.25;50;9600620235;B
20240215;100222;290.22;400;9600620244;S
20240215;100222;290.22;10;9600620245;S
20240215;100222;290.25;380;9600620254;B
20240215;100222;290.25;300;9600620255;B
20240215;100222;290.26;10;9600620256;B
20240215;100222;290.26;150;9600620257;B
20240215;100222;290.26;100;9600620258;B
20240215;100222;290.26;120;9600620259;B
20240215;100222;290.26;380;9600620282;B
20240215;100222;290.26;1620;9600620283;B
20240215;100222;290.25;10;9600620291;B
20240215;100222;290.26;490;9600620292;B
20240215;100222;290.24;100;9600620294;S
20240215;100223;290.24;10;9600620301;S
20240215;100223;290.24;430;9600620376;S
20240215;100223;290.23;540;9600620377;S
20240215;100223;290.23;250;9600620378;S
20240215;100223;290.23;400;9600620379;S
20240215;100223;290.22;540;9600620380;S
20240215;100223;290.21;540;9600620381;S
20240215;100223;290.2;540;9600620382;S
20240215;100223;290.2;500;9600620404;B
20240215;100223;290.2;960;9600620406;B
20240215;100223;290.2;10;9600620407;B
20240215;100223;290.24;400;9600620408;B
20240215;100223;290.26;10;9600620409;B
20240215;100223;290.27;620;9600620410;B
20240215;100223;290.25;100;9600620427;B
20240215;100223;290.25;50;9600620428;B
20240215;100224;290.23;100;9600620430;S
20240215;100224;290.22;350;9600620468;S
20240215;100224;290.22;540;9600620469;S
20240215;100224;290.21;540;9600620470;S
20240215;100224;290.2;540;9600620471;S
20240215;100224;290.19;540;9600620472;S
20240215;100224;290.18;490;9600620473;S
20240215;100224;290.26;10;9600620474;B
20240215;100224;290.26;100;9600620481;B
20240215;100224;290.26;450;9600620483;B
20240215;100224;290.27;380;9600620484;B
20240215;100224;290.27;400;9600620485;B
20240215;100224;290.28;10;9600620486;B
20240215;100224;290.28;10;9600620487;B
20240215;100224;290.28;500;9600620488;B
20240215;100224;290.28;310;9600620489;B
20240215;100224;290.2;340;9600620566;S
20240215;100224;290.27;10;9600620581;B
20240215;100224;290.24;10;9600620583;B
20240215;100225;290.23;10;9600620665;S
20240215;100225;290.24;10;9600620678;B
20240215;100225;290.24;190;9600620681;S
20240215;100225;290.23;90;9600620682;S
20240215;100225;290.21;350;9600620683;S
20240215;100225;290.2;350;9600620684;S
20240215;100225;290.19;520;9600620685;S
20240215;100225;290.21;20;9600620734;S
20240215;100226;290.24;100;9600620823;B
20240215;100226;290.24;200;9600620834;B
20240215;100226;290.23;10;9600620950;B
20240215;100226;290.19;200;9600620974;S
20240215;100227;290.22;100;9600621018;B
20240215;100227;290.22;680;9600621019;B
20240215;100227;290.23;10;9600621030;B
20240215;100227;290.25;10;9600621031;B
20240215;100227;290.26;540;9600621032;B
20240215;100227;290.27;40;9600621033;B
20240215;100227;290.27;140;9600621034;B
20240215;100227;290.27;540;9600621035;B
20240215;100227;290.28;540;9600621036;B
20240215;100227;290.28;10;9600621037;B
20240215;100227;290.29;10;9600621038;B
20240215;100227;290.29;500;9600621039;B
20240215;100227;290.29;3000;9600621040;B
20240215;100227;290.29;2770;9600621041;B
20240215;100227;290.29;230;9600621074;B
20240215;100227;290.29;100;9600621075;B
20240215;100227;290.29;170;9600621076;B
20240215;100227;290.23;10;9600621123;S
20240215;100228;290.27;10;9600621164;B
20240215;100228;290.27;990;9600621165;B
20240215;100228;290.23;340;9600621177;S
20240215;100228;290.23;1000;9600621201;B
20240215;100228;290.23;20;9600621208;B
20240215;100228;290.22;350;9600621258;S
20240215;100228;290.22;400;9600621259;S
20240215;100228;290.22;540;9600621260;S
20240215;100228;290.21;540;9600621261;S
20240215;100228;290.2;540;9600621262;S
20240215;100228;290.19;540;9600621263;S
20240215;100228;290.18;540;9600621264;S
20240215;100228;290.18;200;9600621265;S
20240215;100228;290.17;540;9600621266;S
20240215;100228;290.16;540;9600621267;S
20240215;100228;290.16;1040;9600621268;S
20240215;100228;290.15;540;9600621269;S
20240215;100228;290.15;2000;9600621270;S
20240215;100228;290.14;250;9600621271;S
20240215;100228;290.14;200;9600621272;S
20240215;100228;290.14;540;9600621273;S
20240215;100228;290.14;2000;9600621274;S
20240215;100228;290.13;540;9600621275;S
20240215;100228;290.13;2000;9600621276;S
20240215;100228;290.13;1030;9600621277;S
20240215;100228;290.12;250;9600621278;S
20240215;100228;290.12;1630;9600621279;S
20240215;100229;290.2;400;9600621352;B
20240215;100229;290.2;100;9600621353;B
20240215;100229;290.2;50;9600621381;B
20240215;100229;290.2;200;9600621417;B
20240215;100229;290.2;190;9600621433;B
20240215;100229;290.2;60;9600621434;B
20240215;100229;290.14;90;9600621453;S
20240215;100229;290.14;70;9600621456;S
20240215;100229;290.14;70;9600621457;S
20240215;100230;290.15;1000;9600621555;S
20240215;100230;290.19;10;9600621571;B
20240215;100230;290.14;10;9600621622;S
20240215;100230;290.16;10;9600621626;B
20240215;100230;290.19;10;9600621700;B
20240215;100230;290.19;10;9600621701;B
20240215;100230;290.2;10;9600621702;B
20240215;100230;290.21;100;9600621703;B
20240215;100230;290.22;370;9600621704;B
20240215;100230;290.17;400;9600621785;S
20240215;100230;290.16;10;9600621786;S
20240215;100230;290.16;540;9600621787;S
20240215;100230;290.15;540;9600621788;S
20240215;100230;290.14;510;9600621789;S
20240215;100231;290.2;20;9600621868;B
20240215;100231;290.2;50;9600621915;B
20240215;100231;290.19;200;9600621921;S
20240215;100231;290.2;30;9600621923;B
20240215;100231;290.2;100;9600621924;B
20240215;100231;290.22;70;9600621925;B
20240215;100231;290.21;10;9600621968;B
20240215;100231;290.21;20;9600621974;B
20240215;100231;290.21;20;9600621978;B
20240215;100231;290.21;350;9600621981;B
20240215;100231;290.21;310;9600621982;B
20240215;100232;290.22;20;9600622021;B
20240215;100232;290.22;290;9600622065;B
20240215;100232;290.22;220;9600622066;B
20240215;100232;290.2;70;9600622072;S
20240215;100232;290.2;10;9600622109;S
20240215;100233;290.23;60;9600622194;B
20240215;100233;290.2;20;9600622195;S
20240215;100233;290.2;60;9600622196;S
20240215;100233;290.19;320;9600622197;S
20240215;100233;290.22;2000;9600622222;B
20240215;100233;290.22;400;9600622223;B
20240215;100233;290.22;540;9600622224;B
20240215;100233;290.22;10;9600622225;B
20240215;100233;290.23;1680;9600622226;B
20240215;100233;290.23;540;9600622227;B
20240215;100233;290.23;50;9600622228;B
20240215;100233;290.24;2000;9600622229;B
20240215;100233;290.24;50;9600622230;B
20240215;100233;290.24;540;9600622231;B
20240215;100233;290.24;1000;9600622232;B
20240215;100233;290.24;50;9600622233;B
20240215;100233;290.25;140;9600622234;B
20240215;100233;290.2;10;9600622279;S
20240215;100234;290.2;90;9600622369;B
20240215;100234;290.25;100;9600622370;B
20240215;100234;290.25;200;9600622371;B
20240215;100234;290.26;210;9600622372;B
20240215;100234;290.26;10;9600622381;B
20240215;100234;290.26;50;9600622382;B
20240215;100235;290.2;200;9600622543;S
20240215;100235;290.2;840;9600622577;S
20240215;100235;290.19;160;9600622578;S
20240215;100236;290.19;320;9600622800;S
20240215;100236;290.19;10;9600622801;S
20240215;100236;290.19;400;9600622802;S
20240215;100236;290.18;540;9600622803;S
20240215;100236;290.17;540;9600622804;S
20240215;100236;290.16;540;9600622805;S
20240215;100236;290.15;10;9600622806;S
20240215;100236;290.15;540;9600622807;S
20240215;100236;290.14;540;9600622808;S
20240215;100236;290.13;2560;9600622809;S
20240215;100236;290.21;500;9600622833;B
20240215;100236;290.21;40;9600622853;B
20240215;100236;290.21;110;9600622854;B
20240215;100236;290.14;10;9600622880;S
20240215;100237;290.14;10;9600622885;S
20240215;100237;290.21;1890;9600622894;B
20240215;100237;290.21;110;9600622895;B
20240215;100237;290.14;50;9600622925;S
20240215;100237;290.19;500;9600622929;B
20240215;100237;290.2;250;9600622930;B
20240215;100237;290.2;750;9600622931;B
20240215;100237;290.15;360;9600622934;S
20240215;100237;290.2;220;9600622970;B
20240215;100237;290.2;10;9600622984;B
20240215;100237;290.2;20;9600623033;B
20240215;100238;290.19;10;9600623085;B
20240215;100238;290.19;50;9600623116;B
20240215;100238;290.19;20;9600623122;B
20240215;100238;290.14;70;9600623139;S
20240215;100238;290.19;700;9600623153;B
20240215;100238;290.17;10;9600623178;B
20240215;100239;290.16;250;9600623205;S
20240215;100239;290.15;400;9600623206;S
20240215;100239;290.14;350;9600623207;S
20240215;100239;290.17;210;9600623211;B
20240215;100239;290.17;280;9600623223;B
20240215;100239;290.19;1000;9600623224;B
20240215;100239;290.18;1040;9600623287;B
20240215;100239;290.18;80;9600623288;B
20240215;100239;290.19;390;9600623289;B
20240215;100239;290.19;10;9600623332;B
20240215;100240;290.18;10;9600623378;B
20240215;100240;290.18;30;9600623434;B
20240215;100240;290.14;10;9600623439;S
20240215;100240;290.17;20;9600623540;B
20240215;100240;290.18;80;9600623541;B
20240215;100241;290.17;210;9600623576;B
20240215;100241;290.16;50;9600623590;S
20240215;100241;290.15;90;9600623591;S
20240215;100241;290.14;4020;9600623601;S
20240215;100241;290.14;400;9600623602;S
20240215;100241;290.13;1960;9600623603;S
20240215;100241;290.13;400;9600623604;S
20240215;100241;290.12;4520;9600623605;B
20240215;100241;290.12;4520;9600623606;B
20240215;100241;290.12;50;9600623637;B
20240215;100241;290.11;250;9600623654;S
20240215;100241;290.12;1500;9600623658;B
20240215;100241;290.12;500;9600623684;B
20240215;100242;290.12;40;9600624009;B
20240215;100242;290.11;30;9600624030;S
20240215;100242;290.11;870;9600624036;S
20240215;100242;290.12;20;9600624056;B
20240215;100243;290.11;10;9600624294;S
20240215;100243;290.12;50;9600624426;B
20240215;100243;290.12;10;9600624469;B
20240215;100243;290.11;100;9600624489;S
20240215;100244;290.12;50;9600624594;B
20240215;100244;290.12;20;9600624606;B
20240215;100244;290.11;750;9600624645;S
20240215;100244;290.11;10;9600624733;S
20240215;100245;290.12;30;9600624766;B
20240215;100245;290.11;10;9600624804;S
20240215;100245;290.12;950;9600624815;B
20240215;100245;290.12;960;9600624816;B
20240215;100245;290.12;20;9600624817;B
20240215;100245;290.14;100;9600624820;B
20240215;100245;290.17;240;9600624821;B
20240215;100245;290.17;10;9600624822;B
20240215;100245;290.18;130;9600624823;B
20240215;100245;290.19;100;9600624824;B
20240215;100245;290.2;100;9600624826;B
20240215;100245;290.2;100;9600624827;B
20240215;100245;290.2;4000;9600624828;B
20240215;100245;290.2;200;9600624829;B
20240215;100245;290.2;130;9600624830;B
20240215;100245;290.2;10000;9600624831;B
20240215;100245;290.2;50;9600624832;B
20240215;100245;290.2;50;9600624833;B
20240215;100245;290.2;20;9600624834;B
20240215;100245;290.2;40;9600624835;B
20240215;100245;290.21;220;9600624840;B
20240215;100245;290.22;10;9600624842;B
20240215;100245;290.24;1000;9600624858;B
20240215;100245;290.25;50;9600624859;B
20240215;100245;290.26;10;9600624860;B
20240215;100245;290.26;1940;9600624861;B
20240215;100246;290.25;10;9600624921;S
20240215;100246;290.26;10;9600624938;B
20240215;100246;290.25;200;9600625005;S
20240215;100246;290.25;10;9600625023;S
20240215;100246;290.25;10;9600625027;S
20240215;100246;290.25;320;9600625034;S
20240215;100246;290.25;200;9600625035;S
20240215;100246;290.25;100;9600625036;S
20240215;100246;290.25;1030;9600625037;S
20240215;100246;290.25;400;9600625038;S
20240215;100246;290.25;1040;9600625039;S
20240215;100246;290.24;540;9600625040;S
20240215;100246;290.24;370;9600625041;S
20240215;100246;290.26;1000;9600625070;B
20240215;100246;290.25;540;9600625079;S
20240215;100246;290.25;360;9600625080;S
20240215;100247;290.26;50;9600625111;B
20240215;100247;290.26;10;9600625113;B
20240215;100247;290.26;100;9600625166;S
20240215;100247;290.28;20;9600625232;B
20240215;100247;290.28;200;9600625233;B
20240215;100247;290.29;150;9600625234;B
20240215;100247;290.29;480;9600625235;B
20240215;100247;290.29;400;9600625236;B
20240215;100247;290.3;100;9600625237;B
20240215;100247;290.3;800;9600625238;B
20240215;100247;290.3;20;9600625239;B
20240215;100247;290.3;30;9600625240;B
20240215;100247;290.3;200;9600625241;B
20240215;100247;290.3;40;9600625242;B
20240215;100247;290.3;860;9600625243;B
20240215;100247;290.26;600;9600625250;S
20240215;100247;290.26;150;9600625252;S
20240215;100248;290.25;30;9600625269;S
20240215;100248;290.25;100;9600625277;S
20240215;100248;290.29;10;9600625326;B
20240215;100248;290.27;30;9600625352;S
20240215;100248;290.29;390;9600625356;B
20240215;100248;290.3;220;9600625357;B
20240215;100248;290.3;80;9600625358;B
20240215;100248;290.3;10;9600625359;B
20240215;100248;290.3;670;9600625360;B
20240215;100249;290.29;400;9600625397;B
20240215;100249;290.3;330;9600625398;B
20240215;100249;290.3;1270;9600625399;B
20240215;100249;290.3;20000;9600625537;B
20240215;100249;290.3;2520;9600625540;B
20240215;100249;290.3;6210;9600625541;B
20240215;100249;290.3;10;9600625542;B
20240215;100249;290.3;30;9600625543;B
20240215;100249;290.3;10;9600625544;B
20240215;100249;290.3;100;9600625545;B
20240215;100249;290.3;10;9600625546;B
20240215;100249;290.3;10;9600625547;B
20240215;100249;290.3;100;9600625548;B
20240215;100249;290.3;90;9600625549;B
20240215;100249;290.3;540;9600625550;B
20240215;100249;290.32;2350;9600625551;B
20240215;100249;290.32;90;9600625552;B
20240215;100249;290.32;500;9600625553;B
20240215;100249;290.33;100;9600625554;B
20240215;100249;290.35;20;9600625555;B
20240215;100249;290.35;80;9600625556;B
20240215;100249;290.35;10;9600625557;B
20240215;100249;290.35;10;9600625558;B
20240215;100249;290.36;190;9600625559;B
20240215;100249;290.35;400;9600625560;S
20240215;100249;290.34;1040;9600625561;S
20240215;100249;290.34;560;9600625562;S
20240215;100250;290.36;50;9600625648;B
20240215;100250;290.33;10;9600625650;S
20240215;100250;290.35;10;9600625659;S
20240215;100250;290.35;200;9600625699;S
20240215;100250;290.35;10;9600625719;S
20240215;100250;290.35;20;9600625720;S
20240215;100251;290.36;1000;9600625734;B
20240215;100251;290.35;10;9600625740;S
20240215;100251;290.35;50;9600625792;S
20240215;100251;290.35;240;9600625793;S
20240215;100251;290.35;250;9600625794;S
20240215;100251;290.35;310;9600625795;S
20240215;100251;290.36;760;9600625832;B
20240215;100251;290.36;20;9600625833;B
20240215;100251;290.37;30;9600625834;B
20240215;100251;290.39;30;9600625835;B
20240215;100251;290.39;10;9600625836;B
20240215;100251;290.39;10;9600625837;B
20240215;100251;290.39;50;9600625838;B
20240215;100251;290.4;90;9600625839;B
20240215;100251;290.4;50;9600625872;B
20240215;100251;290.36;10;9600625919;S
20240215;100251;290.4;360;9600625939;B
20240215;100251;290.4;10;9600625940;B
20240215;100251;290.4;500;9600625941;B
20240215;100251;290.4;500;9600625942;B
20240215;100251;290.4;50;9600625943;B
20240215;100251;290.4;100;9600625944;B
20240215;100251;290.4;200;9600625945;B
20240215;100251;290.4;20;9600625946;B
20240215;100251;290.4;200;9600625947;B
20240215;100251;290.4;10;9600625948;B
20240215;100251;290.4;10;9600625949;B
20240215;100251;290.4;20;9600625950;B
20240215;100251;290.4;150;9600625951;B
20240215;100251;290.41;10;9600625952;B
20240215;100251;290.42;50;9600625953;B
20240215;100251;290.43;810;9600625954;B
20240215;100251;290.39;10;9600625958;S
20240215;100251;290.43;240;9600625989;B
20240215;100251;290.39;10;9600626025;S
20240215;100251;290.43;10;9600626035;B
20240215;100252;290.4;40;9600626064;S
20240215;100252;290.4;60;9600626065;S
20240215;100252;290.39;1030;9600626066;S
20240215;100252;290.39;540;9600626067;S
20240215;100252;290.38;370;9600626068;S
20240215;100252;290.36;20;9600626070;S
20240215;100252;290.36;510;9600626073;S
20240215;100252;290.36;400;9600626074;S
20240215;100252;290.35;540;9600626075;S
20240215;100252;290.35;100;9600626076;S
20240215;100252;290.34;100;9600626077;S
20240215;100252;290.34;480;9600626078;S
20240215;100252;290.33;330;9600626086;S
20240215;100252;290.4;10;9600626090;B
20240215;100252;290.42;400;9600626091;B
20240215;100252;290.43;60;9600626092;B
20240215;100252;290.42;400;9600626099;B
20240215;100252;290.43;90;9600626100;B
20240215;100252;290.43;10;9600626101;B
20240215;100252;290.44;50;9600626102;B
20240215;100252;290.44;10;9600626103;B
20240215;100252;290.45;590;9600626104;B
20240215;100252;290.45;10;9600626105;B
20240215;100252;290.45;200;9600626106;B
20240215;100252;290.44;10;9600626155;B
20240215;100253;290.42;400;9600626222;B
20240215;100253;290.43;130;9600626223;B
20240215;100253;290.41;10;9600626245;B
20240215;100253;290.36;500;9600626280;S
20240215;100253;290.4;10;9600626309;B
20240215;100253;290.36;500;9600626311;S
20240215;100253;290.34;540;9600626312;S
20240215;100253;290.34;400;9600626313;S
20240215;100253;290.33;60;9600626314;S
20240215;100254;290.38;10;9600626364;B
20240215;100254;290.38;10;9600626434;B
20240215;100255;290.3;150;9600626546;S
20240215;100255;290.36;10;9600626550;B
20240215;100255;290.3;100;9600626634;S
20240215;100256;290.36;20;9600626688;B
20240215;100256;290.37;20;9600626689;B
20240215;100256;290.39;210;9600626690;B
20240215;100256;290.32;50;9600626728;B
20240215;100256;290.3;2000;9600626737;S
20240215;100256;290.32;40;9600626744;B
20240215;100257;290.3;20;9600626800;S
20240215;100257;290.3;6950;9600626819;S
20240215;100257;290.3;70;9600626821;S
20240215;100257;290.31;1500;9600626859;B
20240215;100257;290.31;400;9600626860;B
20240215;100257;290.31;2000;9600626861;B
20240215;100257;290.31;540;9600626862;B
20240215;100257;290.31;400;9600626863;B
20240215;100257;290.31;400;9600626864;B
20240215;100257;290.31;20;9600626865;B
20240215;100257;290.32;450;9600626866;B
20240215;100257;290.33;540;9600626867;B
20240215;100257;290.34;540;9600626868;B
20240215;100257;290.35;540;9600626869;B
20240215;100257;290.35;200;9600626870;B
20240215;100257;290.36;540;9600626871;B
20240215;100257;290.36;1930;9600626872;B
20240215;100257;290.3;260;9600626873;S
20240215;100257;290.3;8590;9600626878;S
20240215;100257;290.3;20;9600626879;S
20240215;100257;290.3;10;9600626880;S
20240215;100257;290.29;2000;9600626881;S
20240215;100257;290.28;40;9600626882;S
20240215;100257;290.28;20;9600626883;S
20240215;100257;290.26;400;9600626884;S
20240215;100257;290.24;540;9600626885;S
20240215;100257;290.23;380;9600626886;S
20240215;100257;290.28;400;9600626904;B
20240215;100257;290.29;40;9600626905;B
20240215;100257;290.21;350;9600626910;S
20240215;100257;290.28;400;9600626928;B
20240215;100257;290.29;1000;9600626929;B
20240215;100257;290.29;350;9600626930;B
20240215;100257;290.29;250;9600626931;B
20240215;100258;290.27;20;9600626957;B
20240215;100258;290.2;10;9600626969;S
20240215;100258;290.2;490;9600626998;S
20240215;100258;290.2;700;9600626999;S
20240215;100258;290.2;100;9600627000;S
20240215;100258;290.2;540;9600627001;S
20240215;100258;290.19;170;9600627002;S
20240215;100258;290.25;400;9600627015;B
20240215;100258;290.25;10;9600627016;B
20240215;100258;290.26;90;9600627017;B
20240215;100258;290.26;10;9600627023;B
20240215;100258;290.26;10;9600627050;B
20240215;100258;290.2;10;9600627051;S
20240215;100258;290.29;20;9600627073;B
20240215;100259;290.28;10;9600627121;B
20240215;100259;290.25;200;9600627155;S
20240215;100259;290.25;300;9600627156;S
20240215;100259;290.22;400;9600627157;S
20240215;100259;290.21;540;9600627158;S
20240215;100259;290.2;240;9600627159;S
20240215;100259;290.2;520;9600627160;S
20240215;100259;290.17;540;9600627165;S
20240215;100259;290.17;810;9600627166;S
20240215;100259;290.23;30;9600627186;B
20240215;100259;290.17;10;9600627274;B
20240215;100300;290.15;50;9600627310;B
20240215;100300;290.14;100;9600627342;B
20240215;100300;290.14;400;9600627343;B
20240215;100300;290.14;10;9600627346;B
20240215;100300;290.14;30;9600627347;B
20240215;100300;290.14;10;9600627359;B
20240215;100300;290.14;10;9600627362;B
20240215;100300;290.14;10;9600627386;B
20240215;100300;290.14;100;9600627416;B
20240215;100300;290.14;600;9600627418;B
20240215;100300;290.13;40;9600627419;S
20240215;100301;290.13;20;9600627444;S
20240215;100301;290.14;10;9600627459;B
20240215;100301;290.13;40;9600627477;S
20240215;100301;290.12;10;9600627478;S
20240215;100301;290.12;10;9600627479;S
20240215;100301;290.12;90;9600627480;S
20240215;100301;290.12;410;9600627482;S
20240215;100301;290.12;1000;9600627483;S
20240215;100301;290.11;10;9600627484;S
20240215;100301;290.1;50;9600627485;S
20240215;100301;290.1;500;9600627486;S
20240215;100301;290.09;10;9600627487;S
20240215;100301;290.09;20;9600627488;S
20240215;100301;290.08;880;9600627489;S
20240215;100301;290.07;120;9600627490;S
20240215;100301;290.04;10;9600627510;S
20240215;100301;290.04;200;9600627533;S
20240215;100301;290.12;100;9600627551;B
20240215;100301;290.06;250;9600627559;S
20240215;100301;290.11;250;9600627560;B
20240215;100301;290.11;130;9600627574;B
20240215;100302;290.06;400;9600627593;S
20240215;100302;290.05;100;9600627594;S
20240215;100302;290.11;20;9600627595;B
20240215;100302;290.13;30;9600627596;B
20240215;100302;290.13;180;9600627655;B
20240215;100302;290.13;500;9600627665;B
20240215;100302;290.12;1040;9600627685;B
20240215;100302;290.13;460;9600627686;B
20240215;100302;290.14;220;9600627687;B
20240215;100302;290.14;20;9600627688;B
20240215;100302;290.14;20;9600627689;B
20240215;100302;290.14;540;9600627690;B
20240215;100302;290.15;540;9600627691;B
20240215;100302;290.15;400;9600627692;B
20240215;100302;290.16;20;9600627693;B
20240215;100302;290.16;400;9600627694;B
20240215;100302;290.16;540;9600627695;B
20240215;100302;290.17;540;9600627696;B
20240215;100302;290.18;260;9600627697;B
20240215;100303;290.08;10;9600627710;S
20240215;100303;290.11;400;9600627753;S
20240215;100303;290.1;920;9600627754;S
20240215;100303;290.08;540;9600627755;S
20240215;100303;290.07;140;9600627756;S
20240215;100303;290.09;400;9600627758;S
20240215;100303;290.08;600;9600627759;S
20240215;100303;290.07;50;9600627821;S
20240215;100303;290.13;10;9600627822;B
20240215;100303;290.14;400;9600627823;B
20240215;100303;290.15;90;9600627824;B
20240215;100304;290.15;40;9600627906;B
20240215;100304;290.07;350;9600627923;S
20240215;100304;290.07;400;9600627924;S
20240215;100304;290.07;1250;9600627952;B
20240215;100304;290.16;10;9600628001;B
20240215;100304;290.17;1040;9600628002;B
20240215;100304;290.18;540;9600628003;B
20240215;100304;290.19;540;9600628004;B
20240215;100304;290.2;540;9600628005;B
20240215;100304;290.21;540;9600628006;B
20240215;100304;290.21;190;9600628007;B
20240215;100305;290.15;90;9600628186;S
20240215;100306;290.23;10;9600628333;B
20240215;100306;290.17;50;9600628344;S
20240215;100306;290.17;400;9600628345;S
20240215;100306;290.14;50;9600628346;S
20240215;100306;290.15;400;9600628362;S
20240215;100306;290.14;140;9600628363;S
20240215;100307;290.14;10;9600628424;S
20240215;100307;290.16;10;9600628429;S
20240215;100307;290.23;20;9600628453;B
20240215;100307;290.2;50;9600628462;B
20240215;100307;290.22;50;9600628463;B
20240215;100307;290.24;540;9600628500;B
20240215;100307;290.24;50;9600628501;B
20240215;100308;290.17;90;9600628507;S
20240215;100308;290.18;200;9600628554;S
20240215;100308;290.17;290;9600628561;S
20240215;100308;290.17;210;9600628562;S
20240215;100308;290.2;50;9600628568;B
20240215;100308;290.23;350;9600628569;B
20240215;100308;290.24;450;9600628576;B
20240215;100308;290.24;10;9600628588;B
20240215;100308;290.24;10;9600628601;B
20240215;100308;290.18;280;9600628659;S
20240215;100308;290.18;1040;9600628660;S
20240215;100308;290.17;400;9600628661;S
20240215;100308;290.16;90;9600628662;S
20240215;100308;290.16;190;9600628663;S
20240215;100309;290.2;30;9600628745;S
20240215;100309;290.2;360;9600628747;S
20240215;100310;290.2;10;9600628825;S
20240215;100310;290.19;1040;9600628826;S
20240215;100310;290.19;540;9600628827;S
20240215;100310;290.18;120;9600628828;S
20240215;100310;290.18;540;9600628829;S
20240215;100310;290.17;540;9600628830;S
20240215;100310;290.17;510;9600628831;S
20240215;100310;290.18;400;9600628868;S
20240215;100310;290.17;1040;9600628869;S
20240215;100310;290.16;540;9600628870;S
