<DATE>;<TIME>;<LAST>;<VOL>;<ID>;<OPER>
20240206;095950;278.000000000;10;9541097444;B
20240206;095950;278.000000000;10;9541097445;B
20240206;095950;278.000000000;10;9541097446;B
20240206;095950;278.000000000;10;9541097447;B
20240206;095950;278.000000000;400;9541097448;B
20240206;095950;278.000000000;210;9541097449;B
20240206;095950;278.000000000;10;9541097450;B
20240206;095950;278.000000000;40;9541097451;B
20240206;095950;278.000000000;40;9541097452;B
20240206;095950;278.000000000;10;9541097453;B
20240206;095950;278.000000000;30;9541097454;B
20240206;095950;278.000000000;210;9541097455;B
20240206;095950;278.000000000;10;9541097456;B
20240206;095950;278.000000000;20;9541097457;B
20240206;095950;278.000000000;10;9541097458;B
20240206;095950;278.000000000;10;9541097459;B
20240206;095950;278.000000000;10;9541097460;S
20240206;095950;278.000000000;40;9541097461;S
20240206;095950;278.000000000;10;9541097462;S
20240206;095950;278.000000000;10;9541097463;S
20240206;095950;278.000000000;70;9541097464;S
20240206;095950;278.000000000;10;9541097465;S
20240206;095950;278.000000000;500;9541097466;S
20240206;095950;278.000000000;20;9541097467;S
20240206;095950;278.000000000;2000;9541097468;S
20240206;095950;278.000000000;20;9541097469;S
20240206;095950;278.000000000;10;9541097470;S
20240206;095950;278.000000000;10;9541097471;S
20240206;095950;278.000000000;10;9541097472;S
20240206;095950;278.000000000;10;9541097473;S
20240206;095950;278.000000000;100;9541097474;S
20240206;095950;278.000000000;10;9541097475;S
20240206;095950;278.000000000;50;9541097476;S
20240206;095950;278.000000000;10;9541097477;S
20240206;095950;278.000000000;10;9541097478;S
20240206;095950;278.000000000;70;9541097479;S
20240206;095950;278.000000000;10;9541097480;S
20240206;095950;278.000000000;80;9541097481;S
20240206;095950;278.000000000;30;9541097482;B
20240206;095950;278.000000000;200;9541097483;B
20240206;095950;278.000000000;20;9541097484;B
20240206;095950;278.000000000;830;9541097485;B
20240206;095950;278.000000000;200;9541097486;B
20240206;095950;278.000000000;10;9541097487;B
20240206;095950;278.000000000;10;9541097488;B
20240206;095950;278.000000000;10;9541097489;B
20240206;095950;278.000000000;100;9541097490;B
20240206;095950;278.000000000;80;9541097491;B
20240206;095950;278.000000000;30;9541097492;S
20240206;095950;278.000000000;20;9541097493;B
20240206;095950;278.000000000;500;9541097494;B
20240206;095950;278.000000000;10;9541097495;S
20240206;095950;278.000000000;10;9541097496;S
20240206;095950;278.000000000;10;9541097497;S
20240206;095950;278.000000000;10;9541097498;S
20240206;095950;278.000000000;10;9541097499;S
20240206;095950;278.000000000;10;9541097500;S
20240206;095950;278.000000000;10;9541097501;S
20240206;095950;278.000000000;20;9541097502;S
20240206;095950;278.000000000;10;9541097503;S
20240206;095950;278.000000000;10;9541097504;S
20240206;095950;278.000000000;300;9541097505;S
20240206;095950;278.000000000;10;9541097506;S
20240206;095950;278.000000000;60;9541097507;S
20240206;095950;278.000000000;10;9541097508;S
20240206;095950;278.000000000;10;9541097509;S
20240206;095950;278.000000000;10;9541097510;S
20240206;095950;278.000000000;10;9541097511;S
20240206;095950;278.000000000;10;9541097512;S
20240206;095950;278.000000000;40;9541097513;S
20240206;095950;278.000000000;10;9541097514;S
20240206;095950;278.000000000;50;9541097515;S
20240206;095950;278.000000000;40;9541097516;S
20240206;095950;278.000000000;100;9541097517;S
20240206;095950;278.000000000;20;9541097518;S
20240206;095950;278.000000000;30;9541097519;S
20240206;095950;278.000000000;20;9541097520;S
20240206;095950;278.000000000;30;9541097521;S
20240206;095950;278.000000000;10;9541097522;S
20240206;095950;278.000000000;20;9541097523;S
20240206;095950;278.000000000;10;9541097524;S
20240206;095950;278.000000000;10;9541097525;S
20240206;095950;278.000000000;10;9541097526;S
20240206;095950;278.000000000;20;9541097527;S
20240206;095950;278.000000000;10;9541097528;S
20240206;095950;278.000000000;10;9541097529;S
20240206;095950;278.000000000;10;9541097530;S
20240206;095950;278.000000000;70;9541097531;S
20240206;095950;278.000000000;10;9541097532;S
20240206;095950;278.000000000;20;9541097533;S
20240206;095950;278.000000000;10;9541097534;S
20240206;095950;278.000000000;10;9541097535;S
20240206;095950;278.000000000;10;9541097536;S
20240206;095950;278.000000000;90;9541097537;S
20240206;095950;278.000000000;360;9541097538;S
20240206;095950;278.000000000;10;9541097539;S
20240206;095950;278.000000000;340;9541097540;S
20240206;095950;278.000000000;10;9541097541;S
20240206;095950;278.000000000;10;9541097542;S
20240206;095950;278.000000000;100;9541097543;S
20240206;095950;278.000000000;10;9541097544;S
20240206;095950;278.000000000;20;9541097545;S
20240206;095950;278.000000000;30;9541097546;S
20240206;095950;278.000000000;370;9541097547;B
20240206;095950;278.000000000;30;9541097548;B
20240206;095950;278.000000000;10;9541097549;B
20240206;095950;278.000000000;10;9541097550;B
20240206;095950;278.000000000;10;9541097551;B
20240206;095950;278.000000000;10;9541097552;B
20240206;095950;278.000000000;50;9541097553;B
20240206;095950;278.000000000;10;9541097554;B
20240206;095950;278.000000000;10;9541097555;B
20240206;095950;278.000000000;10;9541097556;B
20240206;095950;278.000000000;10;9541097557;B
20240206;095950;278.000000000;30;9541097558;B
20240206;095950;278.000000000;10;9541097559;B
20240206;095950;278.000000000;50;9541097560;S
20240206;095950;278.000000000;10;9541097561;B
20240206;095950;278.000000000;20;9541097562;B
20240206;095950;278.000000000;40;9541097563;S
20240206;095950;278.000000000;10;9541097564;S
20240206;095950;278.000000000;20;9541097565;S
20240206;095950;278.000000000;11150;9541097566;S
20240206;095950;278.000000000;300;9541097567;S
20240206;095950;278.000000000;10;9541097568;S
20240206;095950;278.000000000;10;9541097569;S
20240206;095950;278.000000000;30;9541097570;S
20240206;095950;278.000000000;4410;9541097571;S
20240206;095950;278.000000000;100;9541097572;S
20240206;095950;278.000000000;30;9541097573;S
20240206;095950;278.000000000;70;9541097574;S
20240206;095950;278.000000000;10;9541097575;S
20240206;095950;278.000000000;20;9541097576;S
20240206;095950;278.000000000;10;9541097577;S
20240206;095950;278.000000000;10;9541097578;B
20240206;095950;278.000000000;50;9541097579;B
20240206;095950;278.000000000;10;9541097580;B
20240206;095950;278.000000000;30;9541097581;B
20240206;095950;278.000000000;10;9541097582;B
20240206;095950;278.000000000;10;9541097583;B
20240206;095950;278.000000000;10;9541097584;B
20240206;095950;278.000000000;20;9541097585;B
20240206;095950;278.000000000;20;9541097586;B
20240206;095950;278.000000000;170;9541097587;B
20240206;095950;278.000000000;150;9541097588;B
20240206;095950;278.000000000;10;9541097589;B
20240206;095950;278.000000000;10;9541097590;B
20240206;095950;278.000000000;10;9541097591;B
20240206;095950;278.000000000;90;9541097592;B
20240206;095950;278.000000000;650;9541097593;B
20240206;095950;278.000000000;20;9541097594;B
20240206;095950;278.000000000;10;9541097595;B
20240206;095950;278.000000000;70;9541097596;B
20240206;095950;278.000000000;200;9541097597;B
20240206;095950;278.000000000;20;9541097598;B
20240206;095950;278.000000000;20;9541097599;B
20240206;095950;278.000000000;40;9541097600;B
20240206;095950;278.000000000;20;9541097601;B
20240206;095950;278.000000000;50;9541097602;B
20240206;095950;278.000000000;10;9541097603;B
20240206;095950;278.000000000;1330;9541097604;B
20240206;095950;278.000000000;60;9541097605;S
20240206;095950;278.000000000;700;9541097606;B
20240206;095950;278.000000000;500;9541097607;B
20240206;095950;278.000000000;60;9541097608;B
20240206;095950;278.000000000;50;9541097609;B
20240206;095950;278.000000000;200;9541097610;B
20240206;095950;278.000000000;140;9541097611;B
20240206;095950;278.000000000;1000;9541097612;B
20240206;095950;278.000000000;10;9541097613;B
20240206;095950;278.000000000;10;9541097614;B
20240206;095950;278.000000000;900;9541097615;B
20240206;095950;278.000000000;100;9541097616;B
20240206;095950;278.000000000;20;9541097617;B
20240206;095950;278.000000000;200;9541097618;B
20240206;095950;278.000000000;100;9541097619;B
20240206;095950;278.000000000;150;9541097620;B
20240206;095950;278.000000000;1360;9541097621;B
20240206;095950;278.000000000;30;9541097622;B
20240206;095950;278.000000000;100;9541097623;B
20240206;095950;278.000000000;10;9541097624;B
20240206;095950;278.000000000;40;9541097625;S
20240206;095950;278.000000000;1000;9541097626;S
20240206;100000;278.000000000;1300;9541099157;S
20240206;100000;278.000000000;500;9541099158;S
20240206;100000;278.000000000;600;9541099159;S
20240206;100000;278.000000000;100;9541099160;S
20240206;100000;278.000000000;500;9541099161;S
20240206;100000;278.000000000;100;9541099163;S
20240206;100000;278.000000000;100;9541099164;S
20240206;100000;278.000000000;100;9541099193;S
20240206;100000;278.000000000;100;9541099198;S
20240206;100000;278.000000000;100;9541099200;S
20240206;100000;278.000000000;100;9541099201;S
20240206;100000;278.000000000;100;9541099202;S
20240206;100000;278.000000000;100;9541099203;S
20240206;100000;278.000000000;440;9541099210;S
20240206;100000;278.000000000;100;9541099227;S
20240206;100000;278.000000000;100;9541099231;S
20240206;100000;278.000000000;100;9541099232;S
20240206;100000;278.000000000;100;9541099233;S
20240206;100000;278.040000000;20;9541099251;B
20240206;100000;278.000000000;200;9541099255;S
20240206;100000;278.000000000;200;9541099257;S
20240206;100000;278.000000000;900;9541099301;S
20240206;100000;278.000000000;100;9541099326;S
20240206;100000;278.050000000;10;9541099334;B
20240206;100000;278.070000000;10;9541099335;B
20240206;100000;278.000000000;30;9541099344;S
20240206;100000;278.000000000;60;9541099444;S
20240206;100000;278.010000000;720;9541099483;B
20240206;100000;278.070000000;390;9541099484;B
20240206;100000;278.080000000;1000;9541099485;B
20240206;100000;278.000000000;50;9541099492;S
20240206;100000;278.000000000;50;9541099494;S
20240206;100000;278.080000000;100;9541099599;B
20240206;100000;278.080000000;560;9541099600;B
20240206;100000;278.090000000;60;9541099601;B
20240206;100000;278.090000000;560;9541099602;B
20240206;100000;278.100000000;10;9541099603;B
20240206;100000;278.100000000;10;9541099604;B
20240206;100000;278.100000000;10;9541099605;B
20240206;100000;278.100000000;160;9541099606;B
20240206;100000;278.100000000;200;9541099607;B
20240206;100000;278.100000000;10;9541099608;B
20240206;100000;278.100000000;430;9541099609;B
20240206;100000;278.040000000;100;9541099645;B
20240206;100000;278.040000000;10;9541099668;B
20240206;100000;278.040000000;200;9541099779;B
20240206;100000;278.040000000;1470;9541099841;B
20240206;100000;278.010000000;40;9541099859;S
20240206;100000;278.010000000;60;9541099866;B
20240206;100000;278.020000000;300;9541099880;S
20240206;100000;278.000000000;3830;9541099987;S
20240206;100000;278.000000000;10;9541099988;S
20240206;100000;278.000000000;10;9541099989;S
20240206;100000;278.000000000;10;9541099990;S
20240206;100000;278.000000000;300;9541099991;S
20240206;100000;278.000000000;360;9541100004;B
20240206;100000;278.010000000;100;9541100005;B
20240206;100000;278.110000000;20;9541100006;B
20240206;100001;278.100000000;50;9541100106;B
20240206;100001;278.120000000;50;9541100123;B
20240206;100001;278.120000000;40;9541100124;B
20240206;100001;278.130000000;10;9541100125;B
20240206;100001;278.130000000;560;9541100126;B
20240206;100001;278.130000000;400;9541100127;B
20240206;100001;278.140000000;560;9541100128;B
20240206;100001;278.150000000;10;9541100129;B
20240206;100001;278.150000000;10;9541100130;B
20240206;100001;278.150000000;560;9541100131;B
20240206;100001;278.160000000;200;9541100132;B
20240206;100001;278.160000000;560;9541100133;B
20240206;100001;278.170000000;560;9541100134;B
20240206;100001;278.180000000;250;9541100135;B
20240206;100001;278.180000000;560;9541100136;B
20240206;100001;278.190000000;560;9541100137;B
20240206;100001;278.190000000;50;9541100138;B
20240206;100001;278.200000000;10;9541100139;B
20240206;100001;278.200000000;50;9541100140;B
20240206;100001;278.200000000;100;9541100141;B
20240206;100001;278.200000000;370;9541100142;B
20240206;100001;278.200000000;20;9541100143;B
20240206;100001;278.200000000;10;9541100144;B
20240206;100001;278.110000000;100;9541100259;S
20240206;100001;278.110000000;300;9541100282;S
20240206;100001;278.110000000;560;9541100283;S
20240206;100001;278.100000000;70;9541100284;S
20240206;100001;278.100000000;70;9541100285;S
20240206;100001;278.160000000;10;9541100330;B
20240206;100001;277.990000000;10;9541100414;S
20240206;100001;278.130000000;200;9541100437;B
20240206;100001;278.140000000;210;9541100439;B
20240206;100001;277.990000000;60;9541100486;S
20240206;100001;277.990000000;1270;9541100487;S
20240206;100001;277.990000000;400;9541100488;S
20240206;100001;277.990000000;560;9541100489;S
20240206;100001;277.990000000;1250;9541100568;B
20240206;100001;277.980000000;280;9541100610;S
20240206;100001;277.990000000;150;9541100707;B
20240206;100001;277.990000000;100;9541100713;B
20240206;100001;277.990000000;730;9541100796;B
20240206;100001;278.000000000;50;9541100797;B
20240206;100001;278.000000000;30;9541100798;B
20240206;100001;278.000000000;50;9541100799;B
20240206;100001;278.060000000;740;9541100800;B
20240206;100001;278.080000000;400;9541100801;B
20240206;100001;278.100000000;740;9541100802;B
20240206;100001;277.980000000;120;9541100840;S
20240206;100001;277.980000000;560;9541100841;S
20240206;100001;277.980000000;710;9541100846;B
20240206;100001;277.980000000;300;9541100847;B
20240206;100001;277.980000000;2830;9541100862;B
20240206;100001;278.010000000;400;9541100875;S
20240206;100001;278.010000000;30;9541100876;S
20240206;100001;278.100000000;300;9541100878;B
20240206;100001;278.100000000;180;9541100879;B
20240206;100001;278.100000000;300;9541100882;B
20240206;100002;278.100000000;500;9541100989;B
20240206;100002;278.150000000;300;9541100990;B
20240206;100002;278.160000000;560;9541100991;B
20240206;100002;278.170000000;560;9541100992;B
20240206;100002;278.170000000;190;9541100993;B
20240206;100002;278.170000000;2110;9541100994;B
20240206;100002;278.010000000;20;9541101000;S
20240206;100002;278.180000000;420;9541101004;B
20240206;100002;278.180000000;200;9541101024;B
20240206;100002;278.180000000;200;9541101025;B
20240206;100002;278.180000000;400;9541101026;B
20240206;100002;278.190000000;560;9541101027;B
20240206;100002;278.190000000;1620;9541101028;B
20240206;100002;278.200000000;10;9541101029;B
20240206;100002;278.200000000;180;9541101030;B
20240206;100002;278.190000000;400;9541101067;B
20240206;100002;278.200000000;20;9541101068;B
20240206;100002;278.200000000;800;9541101069;B
20240206;100002;278.200000000;100;9541101070;B
20240206;100002;278.200000000;780;9541101071;B
20240206;100002;278.200000000;10;9541101072;B
20240206;100002;278.200000000;150;9541101074;B
20240206;100002;278.210000000;560;9541101075;B
20240206;100002;278.220000000;60;9541101076;B
20240206;100002;278.220000000;390;9541101077;B
20240206;100002;278.140000000;100;9541101078;S
20240206;100002;278.220000000;170;9541101079;B
20240206;100002;278.230000000;560;9541101080;B
20240206;100002;278.230000000;210;9541101081;B
20240206;100002;278.240000000;560;9541101082;B
20240206;100002;278.240000000;400;9541101083;B
20240206;100002;278.250000000;20;9541101084;B
20240206;100002;278.250000000;10;9541101085;B
20240206;100002;278.250000000;180;9541101086;B
20240206;100002;278.140000000;100;9541101087;S
20240206;100002;278.240000000;560;9541101133;B
20240206;100002;278.250000000;560;9541101134;B
20240206;100002;278.260000000;560;9541101135;B
20240206;100002;278.260000000;400;9541101136;B
20240206;100002;278.270000000;30;9541101137;B
20240206;100002;278.160000000;110;9541101145;S
20240206;100002;278.180000000;100;9541101154;S
20240206;100002;278.260000000;10;9541101156;B
20240206;100002;278.200000000;200;9541101188;S
20240206;100002;278.200000000;10;9541101193;S
20240206;100002;278.200000000;300;9541101194;S
20240206;100002;278.200000000;50;9541101195;S
20240206;100002;278.200000000;250;9541101196;S
20240206;100002;278.280000000;10;9541101223;B
20240206;100002;278.230000000;400;9541101225;S
20240206;100002;278.220000000;300;9541101226;S
20240206;100002;278.220000000;700;9541101227;S
20240206;100002;278.220000000;80;9541101228;S
20240206;100002;278.220000000;560;9541101229;S
20240206;100002;278.220000000;60;9541101230;B
20240206;100002;278.220000000;100;9541101231;B
20240206;100002;278.220000000;240;9541101232;B
20240206;100002;278.170000000;60;9541101233;S
20240206;100002;278.180000000;70;9541101252;S
20240206;100002;278.280000000;120;9541101462;B
20240206;100002;278.070000000;490;9541101485;S
20240206;100002;278.050000000;20;9541101576;B
20240206;100002;278.050000000;10;9541101577;B
20240206;100002;278.190000000;50;9541101601;B
20240206;100002;278.200000000;50;9541101605;B
20240206;100002;278.200000000;150;9541101606;B
20240206;100002;278.130000000;290;9541101647;S
20240206;100002;278.130000000;20;9541101652;S
20240206;100002;278.200000000;400;9541101760;B
20240206;100002;278.210000000;3200;9541101761;B
20240206;100002;278.240000000;560;9541101762;B
20240206;100002;278.250000000;560;9541101763;B
20240206;100002;278.250000000;700;9541101785;S
20240206;100002;278.250000000;700;9541101786;S
20240206;100002;278.280000000;1500;9541101787;B
20240206;100003;278.260000000;130;9541101905;S
20240206;100003;278.290000000;10;9541101960;B
20240206;100003;278.290000000;170;9541101961;S
20240206;100003;278.290000000;330;9541101962;B
20240206;100003;278.290000000;70;9541101963;B
20240206;100003;278.260000000;560;9541101966;S
20240206;100003;278.260000000;70;9541101967;S
20240206;100003;278.260000000;330;9541101968;S
20240206;100003;278.250000000;300;9541101975;S
20240206;100003;278.250000000;1100;9541101976;S
20240206;100003;278.250000000;100;9541101977;S
20240206;100003;278.260000000;100;9541102057;B
20240206;100003;278.260000000;270;9541102089;B
20240206;100003;278.300000000;10;9541102090;B
20240206;100003;278.300000000;40;9541102091;B
20240206;100003;278.300000000;150;9541102092;B
20240206;100003;278.300000000;200;9541102093;B
20240206;100003;278.300000000;10;9541102094;B
20240206;100003;278.310000000;50;9541102095;B
20240206;100003;278.320000000;20;9541102096;B
20240206;100003;278.330000000;100;9541102097;B
20240206;100003;278.330000000;500;9541102098;B
20240206;100003;278.340000000;560;9541102099;B
20240206;100003;278.350000000;50;9541102100;B
20240206;100003;278.350000000;560;9541102101;B
20240206;100003;278.360000000;560;9541102102;B
20240206;100003;278.360000000;3000;9541102103;B
20240206;100003;278.370000000;2000;9541102104;B
20240206;100003;278.370000000;560;9541102105;B
20240206;100003;278.370000000;400;9541102106;B
20240206;100003;278.380000000;80;9541102107;B
20240206;100003;278.380000000;250;9541102108;B
20240206;100003;278.380000000;560;9541102109;B
20240206;100003;278.390000000;70;9541102110;B
20240206;100003;278.260000000;40;9541102188;S
20240206;100003;278.320000000;100;9541102231;B
20240206;100004;278.260000000;360;9541102281;S
20240206;100004;278.260000000;270;9541102282;S
20240206;100004;278.320000000;1100;9541102350;B
20240206;100004;278.340000000;80;9541102351;B
20240206;100004;278.260000000;10;9541102357;S
20240206;100004;278.280000000;30;9541102532;S
20240206;100004;278.300000000;10;9541102665;B
20240206;100004;278.300000000;10;9541102666;B
20240206;100004;278.280000000;10;9541102667;S
20240206;100004;278.280000000;360;9541102725;S
20240206;100004;278.280000000;40;9541102726;S
20240206;100004;278.280000000;10;9541102758;S
20240206;100004;278.300000000;30;9541102769;B
20240206;100004;278.300000000;50;9541102770;B
20240206;100005;278.300000000;10;9541102859;B
20240206;100005;278.280000000;510;9541102955;S
20240206;100005;278.280000000;400;9541102956;S
20240206;100005;278.270000000;90;9541102957;S
20240206;100005;278.300000000;20;9541103185;S
20240206;100005;278.350000000;10;9541103186;B
20240206;100005;278.280000000;560;9541103189;S
20240206;100005;278.280000000;340;9541103190;S
20240206;100005;278.340000000;20;9541103449;B
20240206;100005;278.340000000;10;9541103450;B
20240206;100005;278.280000000;30;9541103451;S
20240206;100005;278.280000000;10;9541103452;S
20240206;100005;278.340000000;10;9541103602;B
20240206;100005;278.340000000;30;9541103604;B
20240206;100005;278.280000000;20;9541103655;S
20240206;100005;278.280000000;10;9541103726;S
20240206;100005;278.340000000;10;9541103730;B
20240206;100005;278.340000000;320;9541103733;B
20240206;100005;278.350000000;30;9541103734;B
20240206;100005;278.280000000;490;9541103798;S
20240206;100005;278.270000000;110;9541103799;S
20240206;100005;278.270000000;400;9541103800;S
20240206;100005;278.300000000;10;9541104064;B
20240206;100005;278.300000000;40;9541104067;B
20240206;100005;278.300000000;10;9541104068;B
20240206;100005;278.300000000;70;9541104070;B
20240206;100005;278.260000000;10;9541104284;S
20240206;100005;278.260000000;270;9541104362;S
20240206;100005;278.260000000;570;9541104363;S
20240206;100005;278.290000000;10;9541104377;B
20240206;100005;278.290000000;10;9541104480;B
20240206;100006;278.290000000;10;9541104759;B
20240206;100006;278.260000000;70;9541104760;S
20240206;100006;278.290000000;400;9541104832;B
20240206;100006;278.300000000;10;9541104865;B
20240206;100006;278.300000000;940;9541104870;B
20240206;100006;278.300000000;400;9541104871;B
20240206;100006;278.300000000;160;9541104872;B
20240206;100006;278.300000000;10;9541104874;B
20240206;100006;278.300000000;10;9541104886;B
20240206;100006;278.300000000;10;9541104912;B
20240206;100006;278.300000000;10;9541104954;B
20240206;100006;278.300000000;10;9541105144;B
20240206;100006;278.300000000;40;9541105145;B
20240206;100006;278.300000000;10;9541105227;B
20240206;100006;278.290000000;10;9541105229;S
20240206;100006;278.290000000;90;9541105272;S
20240206;100006;278.260000000;310;9541105273;S
20240206;100006;278.310000000;10;9541105598;B
20240206;100006;278.310000000;140;9541105600;B
20240206;100006;278.310000000;200;9541105658;B
20240206;100007;278.310000000;400;9541105860;B
20240206;100007;278.260000000;20;9541105984;S
20240206;100007;278.310000000;10;9541105987;B
20240206;100007;278.310000000;100;9541106002;B
20240206;100007;278.260000000;40;9541106007;S
20240206;100007;278.260000000;80;9541106009;S
20240206;100007;278.300000000;400;9541106010;B
20240206;100007;278.310000000;600;9541106011;B
20240206;100007;278.310000000;20;9541106192;B
20240206;100007;278.260000000;20;9541106194;S
20240206;100007;278.260000000;10;9541106196;S
20240206;100007;278.260000000;10;9541106439;S
20240206;100008;278.300000000;400;9541106533;B
20240206;100008;278.310000000;1710;9541106534;B
20240206;100008;278.260000000;170;9541106586;S
20240206;100008;278.260000000;260;9541106587;S
20240206;100008;278.310000000;10;9541106741;B
20240206;100008;278.260000000;20;9541106742;S
20240206;100008;278.250000000;10;9541106743;S
20240206;100008;278.310000000;10;9541106744;B
20240206;100010;278.300000000;90;9541107051;B
20240206;100010;278.260000000;70;9541107063;S
20240206;100010;278.250000000;1700;9541107088;S
20240206;100010;278.250000000;140;9541107102;S
20240206;100010;278.300000000;140;9541107173;B
20240206;100010;278.300000000;20;9541107174;B
20240206;100010;278.300000000;20;9541107175;B
20240206;100010;278.300000000;90;9541107180;B
20240206;100010;278.300000000;250;9541107190;B
20240206;100010;278.300000000;400;9541107191;B
20240206;100010;278.310000000;790;9541107192;B
20240206;100010;278.320000000;80;9541107193;B
20240206;100010;278.330000000;10;9541107209;B
20240206;100010;278.330000000;40;9541107254;B
20240206;100010;278.330000000;280;9541107287;B
20240206;100010;278.330000000;30;9541107298;B
20240206;100010;278.330000000;200;9541107321;B
20240206;100010;278.330000000;400;9541107322;B
20240206;100010;278.340000000;560;9541107323;B
20240206;100010;278.340000000;2000;9541107324;B
20240206;100010;278.350000000;340;9541107325;B
20240206;100010;278.340000000;50;9541107342;B
20240206;100010;278.340000000;20;9541107351;B
20240206;100010;278.340000000;180;9541107429;B
20240206;100011;278.270000000;10;9541107491;S
20240206;100011;278.350000000;10;9541107496;B
20240206;100011;278.350000000;100;9541107522;B
20240206;100011;278.290000000;300;9541107574;S
20240206;100011;278.290000000;60;9541107617;S
20240206;100011;278.290000000;10;9541107632;B
20240206;100011;278.290000000;10;9541107706;B
20240206;100012;278.280000000;10;9541107842;S
20240206;100012;278.290000000;10;9541107988;B
20240206;100012;278.290000000;10;9541108014;B
20240206;100012;278.290000000;230;9541108020;B
20240206;100012;278.290000000;170;9541108022;B
20240206;100012;278.350000000;10;9541108023;B
20240206;100012;278.360000000;560;9541108024;B
20240206;100012;278.370000000;1000;9541108025;B
20240206;100012;278.370000000;560;9541108026;B
20240206;100012;278.380000000;560;9541108027;B
20240206;100012;278.390000000;560;9541108028;B
20240206;100012;278.400000000;80;9541108029;B
20240206;100012;278.360000000;190;9541108032;B
20240206;100012;278.360000000;580;9541108034;B
20240206;100012;278.360000000;10;9541108059;B
20240206;100013;278.330000000;20;9541108106;S
20240206;100013;278.290000000;560;9541108174;S
20240206;100013;278.290000000;20;9541108175;S
20240206;100014;278.300000000;20;9541108477;B
20240206;100014;278.310000000;20;9541108499;S
20240206;100014;278.310000000;140;9541108526;S
20240206;100015;278.360000000;1220;9541108618;B
20240206;100015;278.360000000;200;9541108619;B
20240206;100015;278.390000000;170;9541108620;B
20240206;100015;278.330000000;10;9541108640;S
20240206;100015;278.330000000;390;9541108650;S
20240206;100015;278.320000000;160;9541108651;S
20240206;100015;278.320000000;140;9541108652;S
20240206;100015;278.310000000;430;9541108674;S
20240206;100015;278.310000000;310;9541108676;S
20240206;100015;278.320000000;10;9541108734;B
20240206;100015;278.330000000;10;9541108736;B
20240206;100015;278.330000000;10;9541108742;B
20240206;100015;278.310000000;40;9541108760;S
20240206;100015;278.330000000;100;9541108787;B
20240206;100017;278.320000000;20;9541109207;B
20240206;100017;278.320000000;340;9541109214;B
20240206;100017;278.320000000;10;9541109215;B
20240206;100017;278.320000000;400;9541109216;B
20240206;100017;278.320000000;360;9541109217;B
20240206;100017;278.330000000;890;9541109218;B
20240206;100017;278.300000000;150;9541109274;S
20240206;100017;278.320000000;200;9541109279;B
20240206;100018;278.310000000;150;9541109598;S
20240206;100018;278.310000000;250;9541109603;S
20240206;100018;278.300000000;830;9541109604;S
20240206;100018;278.300000000;2520;9541109605;S
20240206;100018;278.330000000;10;9541109713;B
20240206;100018;278.300000000;20;9541109789;S
20240206;100018;278.330000000;20;9541109803;B
20240206;100018;278.300000000;140;9541109806;S
20240206;100019;278.330000000;70;9541109884;B
20240206;100019;278.330000000;20;9541110115;B
20240206;100020;278.330000000;100;9541110159;B
20240206;100020;278.330000000;10;9541110206;B
20240206;100022;278.310000000;500;9541110508;S
20240206;100022;278.330000000;30;9541110510;B
20240206;100022;278.310000000;100;9541110713;B
20240206;100022;278.310000000;100;9541110714;B
20240206;100023;278.330000000;300;9541110944;B
20240206;100024;278.330000000;20;9541110985;B
20240206;100024;278.320000000;500;9541111035;S
20240206;100024;278.320000000;500;9541111067;B
20240206;100024;278.310000000;800;9541111102;S
20240206;100025;278.300000000;2850;9541111351;S
20240206;100025;278.220000000;560;9541111352;S
20240206;100025;278.220000000;140;9541111353;S
20240206;100025;278.210000000;50;9541111356;S
20240206;100026;278.200000000;50;9541111429;S
20240206;100026;278.200000000;360;9541111430;S
20240206;100026;278.160000000;50;9541111432;S
20240206;100026;278.160000000;510;9541111433;S
20240206;100026;278.160000000;490;9541111434;S
20240206;100026;278.160000000;100;9541111491;S
20240206;100026;278.220000000;10;9541111614;B
20240206;100027;278.200000000;360;9541111674;B
20240206;100027;278.200000000;640;9541111675;B
20240206;100027;278.200000000;20;9541111706;B
20240206;100027;278.200000000;1000;9541111725;B
20240206;100029;278.150000000;500;9541112290;S
20240206;100029;278.050000000;100;9541112291;B
20240206;100029;278.010000000;100;9541112295;S
20240206;100029;278.010000000;100;9541112296;S
20240206;100029;278.010000000;200;9541112297;S
20240206;100029;278.090000000;20;9541112312;B
20240206;100030;278.010000000;160;9541112390;S
20240206;100030;278.010000000;240;9541112391;S
20240206;100030;278.090000000;100;9541112450;B
20240206;100030;278.100000000;400;9541112598;B
20240206;100030;278.110000000;400;9541112599;B
20240206;100031;278.100000000;100;9541112624;B
20240206;100033;278.030000000;560;9541113200;S
20240206;100033;278.030000000;400;9541113201;S
20240206;100033;278.020000000;10;9541113202;S
20240206;100033;278.020000000;560;9541113203;S
20240206;100033;278.010000000;560;9541113204;S
20240206;100033;278.000000000;760;9541113205;S
20240206;100033;278.000000000;150;9541113206;S
20240206;100033;278.010000000;70;9541113248;S
20240206;100033;278.090000000;360;9541113253;B
20240206;100033;278.090000000;10;9541113325;B
20240206;100033;278.100000000;10;9541113326;B
20240206;100034;278.100000000;20;9541113355;B
20240206;100035;278.100000000;970;9541114058;B
20240206;100035;278.140000000;560;9541114059;B
20240206;100035;278.150000000;560;9541114060;B
20240206;100035;278.160000000;560;9541114061;B
20240206;100035;278.160000000;400;9541114062;B
20240206;100035;278.170000000;560;9541114063;B
20240206;100035;278.180000000;560;9541114064;B
20240206;100035;278.190000000;560;9541114065;B
20240206;100035;278.200000000;560;9541114066;B
20240206;100035;278.200000000;1070;9541114067;B
20240206;100035;278.210000000;560;9541114068;B
20240206;100035;278.220000000;560;9541114069;B
20240206;100035;278.230000000;100;9541114070;B
20240206;100035;278.230000000;560;9541114071;B
20240206;100035;278.230000000;210;9541114072;B
20240206;100035;278.240000000;150;9541114073;B
20240206;100036;278.220000000;400;9541114187;S
20240206;100036;278.220000000;10;9541114200;B
20240206;100036;278.220000000;1590;9541114387;B
20240206;100036;278.220000000;300;9541114388;B
20240206;100036;278.220000000;700;9541114389;B
20240206;100036;278.260000000;400;9541114390;B
20240206;100036;278.270000000;560;9541114391;B
20240206;100036;278.270000000;1070;9541114392;B
20240206;100036;278.280000000;560;9541114393;B
20240206;100036;278.290000000;200;9541114394;B
20240206;100036;278.290000000;560;9541114395;B
20240206;100036;278.300000000;2050;9541114396;B
20240206;100036;278.300000000;20;9541114450;B
20240206;100037;278.240000000;400;9541114704;S
20240206;100038;278.250000000;10;9541115198;S
20240206;100038;278.250000000;390;9541115230;S
20240206;100038;278.240000000;610;9541115231;S
20240206;100038;278.280000000;10;9541115237;B
20240206;100038;278.300000000;80;9541115238;B
20240206;100038;278.300000000;10;9541115239;B
20240206;100038;278.300000000;100;9541115240;B
20240206;100038;278.310000000;300;9541115241;B
20240206;100039;278.260000000;40;9541115442;S
20240206;100040;278.320000000;10;9541115637;B
20240206;100040;278.320000000;550;9541115685;B
20240206;100040;278.320000000;150;9541115686;B
20240206;100041;278.320000000;20;9541115864;B
20240206;100041;278.320000000;10;9541115892;B
20240206;100042;278.320000000;20;9541115974;B
20240206;100043;278.320000000;10;9541116199;B
20240206;100044;278.230000000;400;9541116412;S
20240206;100044;278.290000000;10;9541116604;B
20240206;100045;278.290000000;30;9541116843;B
20240206;100046;278.240000000;10;9541117085;S
20240206;100046;278.230000000;10;9541117086;S
20240206;100046;278.230000000;30;9541117087;S
20240206;100046;278.220000000;560;9541117088;S
20240206;100046;278.210000000;560;9541117089;S
20240206;100046;278.210000000;10;9541117090;S
20240206;100046;278.200000000;560;9541117091;S
20240206;100046;278.190000000;560;9541117092;S
20240206;100046;278.180000000;560;9541117093;S
20240206;100046;278.180000000;1070;9541117094;S
20240206;100046;278.170000000;560;9541117095;S
20240206;100046;278.170000000;400;9541117096;S
20240206;100046;278.160000000;560;9541117097;S
20240206;100046;278.150000000;560;9541117098;S
20240206;100046;278.140000000;560;9541117099;S
20240206;100046;278.130000000;2430;9541117100;S
20240206;100047;278.170000000;10;9541117141;B
20240206;100049;278.150000000;400;9541117756;B
20240206;100049;278.160000000;100;9541117757;B
20240206;100049;278.130000000;100;9541117792;B
20240206;100049;278.130000000;980;9541117916;B
20240206;100049;278.130000000;400;9541117917;B
20240206;100049;278.150000000;40;9541117918;B
20240206;100049;278.090000000;60;9541117962;S
20240206;100049;278.140000000;10;9541117968;B
20240206;100050;278.140000000;50;9541118022;B
20240206;100051;278.140000000;50;9541118320;B
20240206;100051;278.140000000;10;9541118321;B
20240206;100051;278.140000000;30;9541118334;B
20240206;100051;278.090000000;250;9541118406;S
20240206;100051;278.090000000;140;9541118438;S
20240206;100054;278.100000000;20;9541118957;S
20240206;100055;278.150000000;400;9541119273;B
20240206;100056;278.150000000;10;9541119322;B
20240206;100057;278.150000000;10;9541119639;B
20240206;100058;278.150000000;240;9541119739;B
20240206;100058;278.170000000;760;9541119740;B
20240206;100058;278.140000000;50;9541119756;S
20240206;100058;278.140000000;100;9541119757;S
20240206;100058;278.170000000;10;9541119786;B
20240206;100058;278.170000000;230;9541119855;B
20240206;100058;278.180000000;120;9541119856;B
20240206;100059;278.180000000;40;9541119913;B
20240206;100059;278.150000000;10;9541119999;S
20240206;100059;278.120000000;20;9541120000;S
20240206;100059;278.180000000;360;9541120012;B
20240206;100059;278.190000000;140;9541120013;B
20240206;100100;278.180000000;400;9541120149;S
20240206;100100;278.170000000;360;9541120150;S
20240206;100100;278.120000000;700;9541120227;S
20240206;100100;278.120000000;470;9541120230;S
20240206;100100;278.120000000;290;9541120269;S
20240206;100100;278.130000000;40;9541120314;B
20240206;100100;278.180000000;60;9541120315;B
20240206;100100;278.110000000;50;9541120355;S
20240206;100100;278.110000000;350;9541120387;S
20240206;100100;278.090000000;80;9541120400;S
20240206;100100;278.090000000;470;9541120433;S
20240206;100101;278.140000000;180;9541120504;B
20240206;100101;278.100000000;400;9541120539;S
20240206;100101;278.090000000;30;9541120540;S
20240206;100101;278.100000000;10;9541120623;S
20240206;100101;278.100000000;390;9541120725;S
20240206;100101;278.090000000;780;9541120726;S
20240206;100102;278.120000000;70;9541120872;B
20240206;100105;278.120000000;20;9541121423;B
20240206;100106;278.120000000;10;9541121461;B
20240206;100106;278.090000000;4000;9541121493;S
20240206;100106;278.100000000;30;9541121530;B
20240206;100107;278.090000000;20;9541121541;S
20240206;100107;278.100000000;1170;9541121621;B
20240206;100107;278.100000000;300;9541121622;B
20240206;100107;278.100000000;800;9541121623;B
20240206;100107;278.100000000;100;9541121624;B
20240206;100107;278.100000000;400;9541121625;B
20240206;100107;278.110000000;1420;9541121626;B
20240206;100107;278.140000000;810;9541121627;B
20240206;100108;278.110000000;10;9541121843;B
20240206;100109;278.110000000;10;9541121970;B
20240206;100109;278.110000000;700;9541121972;B
20240206;100110;278.120000000;500;9541122283;B
20240206;100111;278.100000000;80;9541122306;S
20240206;100111;278.100000000;70;9541122348;B
20240206;100111;278.100000000;20;9541122349;B
20240206;100111;278.100000000;30;9541122350;B
20240206;100111;278.120000000;130;9541122351;B
20240206;100111;278.120000000;20;9541122352;B
20240206;100111;278.120000000;70;9541122353;B
20240206;100111;278.120000000;30;9541122354;B
20240206;100111;278.120000000;120;9541122356;B
20240206;100111;278.120000000;40;9541122357;B
20240206;100111;278.120000000;300;9541122359;B
20240206;100111;278.120000000;110;9541122360;B
20240206;100111;278.120000000;60;9541122361;B
20240206;100111;278.120000000;70;9541122362;B
20240206;100111;278.120000000;20;9541122363;B
20240206;100111;278.100000000;100;9541122370;S
20240206;100113;278.100000000;300;9541122649;S
20240206;100113;278.100000000;100;9541122650;S
20240206;100114;278.100000000;400;9541122786;S
20240206;100114;278.100000000;10;9541122801;B
20240206;100115;278.100000000;40;9541122944;B
20240206;100116;278.100000000;150;9541123094;B
20240206;100116;278.110000000;360;9541123095;B
20240206;100116;278.110000000;360;9541123096;B
20240206;100116;278.110000000;130;9541123097;B
20240206;100116;278.110000000;470;9541123235;S
20240206;100116;278.110000000;730;9541123336;S
20240206;100116;278.110000000;1070;9541123337;S
20240206;100116;278.110000000;210;9541123338;S
20240206;100117;278.100000000;100;9541123570;S
20240206;100117;278.100000000;200;9541123571;S
20240206;100117;278.100000000;200;9541123587;S
20240206;100118;278.090000000;700;9541123749;S
20240206;100118;278.090000000;700;9541123750;S
20240206;100118;278.090000000;300;9541123751;S
20240206;100118;278.090000000;200;9541123752;S
20240206;100119;278.090000000;200;9541123851;S
20240206;100120;278.100000000;400;9541124115;B
20240206;100120;278.100000000;1080;9541124116;B
20240206;100120;278.100000000;360;9541124117;B
20240206;100120;278.100000000;360;9541124118;B
20240206;100120;278.100000000;200;9541124119;B
20240206;100120;278.100000000;200;9541124120;B
20240206;100120;278.100000000;800;9541124121;B
20240206;100120;278.100000000;500;9541124122;B
20240206;100120;278.100000000;400;9541124123;B
20240206;100120;278.100000000;200;9541124124;B
20240206;100120;278.100000000;200;9541124125;B
20240206;100120;278.100000000;2170;9541124126;B
20240206;100120;278.100000000;200;9541124127;B
20240206;100120;278.100000000;200;9541124128;B
20240206;100120;278.100000000;200;9541124129;B
20240206;100120;278.100000000;200;9541124130;B
20240206;100120;278.110000000;200;9541124131;B
20240206;100120;278.110000000;200;9541124132;B
20240206;100120;278.110000000;1500;9541124133;B
20240206;100120;278.110000000;100;9541124134;B
20240206;100120;278.120000000;330;9541124135;B
20240206;100120;278.090000000;200;9541124165;S
20240206;100120;278.090000000;500;9541124190;S
20240206;100120;278.090000000;200;9541124225;S
20240206;100120;278.090000000;200;9541124301;S
20240206;100120;278.090000000;200;9541124337;S
20240206;100121;278.090000000;200;9541124383;S
20240206;100121;278.090000000;200;9541124413;S
20240206;100121;278.090000000;200;9541124438;S
20240206;100121;278.090000000;200;9541124465;S
20240206;100121;278.090000000;200;9541124505;S
20240206;100121;278.090000000;100;9541124516;S
20240206;100121;278.090000000;100;9541124538;S
20240206;100122;278.100000000;400;9541124589;B
20240206;100122;278.100000000;100;9541124590;B
20240206;100122;278.100000000;100;9541124591;B
20240206;100122;278.100000000;200;9541124592;B
20240206;100122;278.110000000;10;9541124599;B
20240206;100122;278.100000000;200;9541124616;S
20240206;100122;278.100000000;400;9541124643;S
20240206;100122;278.110000000;10;9541124659;B
20240206;100124;278.120000000;10;9541125008;B
20240206;100125;278.100000000;100;9541125139;S
20240206;100126;278.120000000;170;9541125305;B
20240206;100126;278.100000000;150;9541125344;S
20240206;100126;278.110000000;10;9541125472;B
20240206;100127;278.100000000;200;9541125580;S
20240206;100127;278.100000000;150;9541125598;S
20240206;100127;278.100000000;50;9541125599;S
20240206;100127;278.100000000;100;9541125636;S
20240206;100127;278.100000000;100;9541125637;S
20240206;100128;278.100000000;100;9541125721;S
20240206;100128;278.100000000;100;9541125722;S
20240206;100128;278.100000000;900;9541125733;S
20240206;100128;278.100000000;200;9541125734;S
20240206;100128;278.090000000;100;9541125871;S
20240206;100128;278.070000000;100;9541125872;S
20240206;100130;278.080000000;500;9541126278;B
20240206;100130;278.080000000;990;9541126279;B
20240206;100130;278.070000000;530;9541126297;S
20240206;100130;278.070000000;1070;9541126298;S
20240206;100130;278.060000000;1440;9541126299;S
20240206;100130;278.050000000;560;9541126300;S
20240206;100130;278.050000000;1000;9541126301;S
20240206;100130;278.050000000;400;9541126302;S
20240206;100130;278.040000000;560;9541126303;S
20240206;100130;278.040000000;300;9541126304;S
20240206;100130;278.030000000;560;9541126305;S
20240206;100130;278.020000000;560;9541126306;S
20240206;100130;278.010000000;560;9541126307;S
20240206;100130;278.000000000;1350;9541126308;S
20240206;100130;278.000000000;60;9541126309;S
20240206;100130;278.000000000;9420;9541126310;S
20240206;100134;278.020000000;2440;9541127192;B
20240206;100134;278.050000000;560;9541127193;B
20240206;100134;278.060000000;560;9541127194;B
20240206;100134;278.070000000;560;9541127195;B
20240206;100134;278.080000000;560;9541127196;B
20240206;100134;278.090000000;10;9541127197;B
20240206;100134;278.090000000;560;9541127198;B
20240206;100134;278.090000000;400;9541127199;B
20240206;100134;278.100000000;560;9541127200;B
20240206;100134;278.100000000;200;9541127201;S
20240206;100134;278.100000000;500;9541127202;S
20240206;100134;278.100000000;300;9541127203;S
20240206;100134;278.100000000;200;9541127204;S
20240206;100134;278.100000000;500;9541127205;S
20240206;100134;278.100000000;700;9541127206;S
20240206;100134;278.100000000;300;9541127207;S
20240206;100134;278.100000000;100;9541127208;S
20240206;100134;278.100000000;700;9541127209;S
20240206;100134;278.100000000;300;9541127210;S
20240206;100134;278.110000000;120;9541127373;B
20240206;100135;278.100000000;570;9541127390;S
20240206;100135;278.110000000;50;9541127498;B
20240206;100135;278.110000000;10;9541127550;B
20240206;100136;278.110000000;30;9541127671;S
20240206;100137;278.120000000;70;9541127693;B
20240206;100137;278.110000000;10;9541127805;S
20240206;100137;278.110000000;10;9541127807;S
20240206;100139;278.120000000;200;9541128145;B
20240206;100139;278.120000000;10;9541128154;B
20240206;100140;278.120000000;310;9541128407;B
20240206;100141;278.120000000;10;9541128469;B
20240206;100141;278.120000000;500;9541128483;B
20240206;100141;278.110000000;350;9541128553;S
20240206;100141;278.100000000;2650;9541128554;S
20240206;100143;278.120000000;80;9541128754;B
20240206;100145;278.120000000;40;9541128922;B
20240206;100145;278.150000000;160;9541128923;B
20240206;100145;278.120000000;200;9541129016;S
20240206;100145;278.120000000;200;9541129019;S
20240206;100145;278.120000000;100;9541129020;S
20240206;100146;278.120000000;200;9541129042;S
20240206;100146;278.120000000;100;9541129068;S
20240206;100146;278.120000000;200;9541129210;B
20240206;100146;278.120000000;60;9541129211;B
20240206;100149;278.110000000;10;9541129544;S
20240206;100149;278.110000000;990;9541129599;S
20240206;100150;278.120000000;140;9541129655;B
20240206;100150;278.120000000;60;9541129656;B
20240206;100151;278.120000000;10;9541129883;B
20240206;100151;278.110000000;70;9541129891;S
20240206;100152;278.110000000;300;9541129988;S
20240206;100152;278.110000000;500;9541129989;S
20240206;100152;278.110000000;500;9541130089;S
20240206;100154;278.110000000;300;9541130301;S
20240206;100154;278.120000000;30;9541130364;B
20240206;100157;278.120000000;100;9541130693;B
20240206;100157;278.120000000;200;9541130694;B
20240206;100157;278.120000000;200;9541130695;B
20240206;100157;278.120000000;200;9541130696;B
20240206;100157;278.120000000;200;9541130697;B
20240206;100157;278.120000000;100;9541130698;B
20240206;100157;278.120000000;100;9541130699;B
20240206;100157;278.120000000;200;9541130700;B
20240206;100157;278.120000000;200;9541130701;B
20240206;100157;278.120000000;100;9541130702;B
20240206;100157;278.120000000;510;9541130703;B
20240206;100158;278.110000000;190;9541131039;S
20240206;100159;278.120000000;20;9541131128;B
20240206;100159;278.110000000;190;9541131223;S
20240206;100200;278.120000000;10;9541131288;B
20240206;100200;278.120000000;10;9541131328;B
20240206;100200;278.120000000;10;9541131405;B
20240206;100201;278.120000000;340;9541131418;B
20240206;100201;278.120000000;930;9541131419;B
20240206;100201;278.120000000;2710;9541131420;B
20240206;100201;278.120000000;1070;9541131421;B
20240206;100201;278.130000000;20;9541131422;B
20240206;100201;278.110000000;400;9541131463;S
20240206;100201;278.110000000;10;9541131480;S
20240206;100201;278.120000000;10;9541131486;B
20240206;100201;278.120000000;30;9541131502;B
20240206;100201;278.120000000;10;9541131507;B
20240206;100202;278.120000000;30;9541131660;B
20240206;100202;278.110000000;100;9541131700;S
20240206;100205;278.120000000;200;9541131958;B
20240206;100207;278.120000000;40;9541132255;B
20240206;100207;278.110000000;1000;9541132318;S
20240206;100207;278.110000000;150;9541132347;S
20240206;100207;278.110000000;900;9541132380;S
20240206;100208;278.110000000;990;9541132476;S
20240206;100208;278.110000000;1720;9541132494;S
20240206;100208;278.110000000;580;9541132579;S
20240206;100208;278.110000000;20;9541132580;S
20240206;100208;278.110000000;100;9541132581;S
20240206;100209;278.120000000;100;9541132621;B
20240206;100209;278.110000000;400;9541132721;S
20240206;100209;278.110000000;100;9541132722;S
20240206;100209;278.120000000;10;9541132732;B
20240206;100209;278.120000000;10;9541132736;B
20240206;100210;278.120000000;10;9541132781;B
20240206;100210;278.110000000;500;9541132823;S
20240206;100210;278.110000000;50;9541132860;S
20240206;100211;278.120000000;60;9541132868;B
20240206;100211;278.110000000;300;9541132953;S
20240206;100211;278.110000000;100;9541132954;S
20240206;100211;278.110000000;1300;9541132975;S
20240206;100212;278.110000000;300;9541133066;S
20240206;100212;278.120000000;30;9541133084;B
20240206;100213;278.110000000;200;9541133091;S
20240206;100213;278.110000000;200;9541133170;S
20240206;100213;278.110000000;300;9541133171;S
20240206;100214;278.120000000;40;9541133194;B
20240206;100214;278.120000000;90;9541133266;S
20240206;100214;278.110000000;400;9541133285;S
20240206;100214;278.110000000;230;9541133289;S
20240206;100215;278.120000000;30;9541133324;B
20240206;100216;278.120000000;10;9541133468;B
20240206;100216;278.120000000;20;9541133481;B
20240206;100217;278.120000000;360;9541133719;B
20240206;100219;278.120000000;10;9541133896;B
20240206;100221;278.110000000;440;9541134144;S
20240206;100221;278.110000000;580;9541134271;S
20240206;100221;278.110000000;120;9541134272;S
20240206;100221;278.110000000;500;9541134287;B
20240206;100222;278.100000000;500;9541134492;S
20240206;100222;278.110000000;10;9541134505;B
20240206;100223;278.110000000;390;9541134619;B
20240206;100223;278.110000000;1090;9541134620;B
20240206;100223;278.140000000;260;9541134621;B
20240206;100223;278.140000000;10;9541134660;B
20240206;100223;278.110000000;10;9541134682;S
20240206;100223;278.110000000;10;9541134692;B
20240206;100224;278.110000000;10;9541134732;B
20240206;100224;278.100000000;200;9541134750;S
20240206;100224;278.110000000;10;9541134845;B
20240206;100225;278.100000000;10;9541134893;S
20240206;100225;278.100000000;500;9541134958;S
20240206;100226;278.110000000;30;9541135053;B
20240206;100226;278.130000000;10;9541135054;B
20240206;100226;278.100000000;60;9541135059;S
20240206;100226;278.110000000;10;9541135108;B
20240206;100227;278.100000000;290;9541135178;S
20240206;100227;278.100000000;500;9541135259;S
20240206;100227;278.110000000;40;9541135269;B
20240206;100228;278.100000000;500;9541135497;S
20240206;100228;278.100000000;1600;9541135514;S
20240206;100228;278.100000000;500;9541135515;S
20240206;100228;278.100000000;1000;9541135516;S
20240206;100229;278.110000000;1000;9541135538;B
20240206;100230;278.110000000;10;9541135699;B
20240206;100230;278.110000000;70;9541135791;B
20240206;100230;278.100000000;140;9541135811;S
20240206;100230;278.100000000;100;9541135861;S
20240206;100231;278.100000000;2000;9541135971;S
20240206;100231;278.100000000;660;9541136025;S
20240206;100231;278.100000000;560;9541136026;S
20240206;100231;278.110000000;2450;9541136056;B
20240206;100231;278.110000000;700;9541136057;B
20240206;100231;278.110000000;400;9541136058;B
20240206;100231;278.110000000;50;9541136059;B
20240206;100232;278.100000000;740;9541136088;S
20240206;100232;278.120000000;10;9541136142;B
20240206;100232;278.100000000;2300;9541136177;S
20240206;100235;278.100000000;200;9541136504;S
20240206;100235;278.110000000;10;9541136647;S
20240206;100235;278.110000000;140;9541136698;S
20240206;100235;278.110000000;60;9541136700;B
20240206;100235;278.110000000;740;9541136725;S
20240206;100235;278.100000000;510;9541136726;S
20240206;100236;278.120000000;50;9541136806;B
20240206;100237;278.120000000;10;9541136910;B
20240206;100237;278.120000000;50;9541136920;S
20240206;100237;278.110000000;10;9541136963;B
20240206;100237;278.100000000;250;9541136977;S
20240206;100239;278.110000000;10;9541137180;B
20240206;100239;278.110000000;240;9541137249;B
20240206;100239;278.110000000;250;9541137250;B
20240206;100240;278.130000000;10;9541137288;B
20240206;100240;278.120000000;500;9541137305;S
20240206;100240;278.130000000;10;9541137350;B
20240206;100240;278.130000000;50;9541137418;B
20240206;100241;278.120000000;10;9541137481;S
20240206;100241;278.100000000;740;9541137482;S
20240206;100241;278.100000000;120;9541137484;S
20240206;100241;278.110000000;20;9541137638;B
20240206;100241;278.110000000;1060;9541137652;B
20240206;100241;278.110000000;360;9541137653;B
20240206;100241;278.110000000;360;9541137654;B
20240206;100241;278.120000000;320;9541137655;B
20240206;100242;278.100000000;50;9541137792;S
20240206;100243;278.110000000;350;9541137857;B
20240206;100243;278.100000000;80;9541137894;S
20240206;100244;278.130000000;100;9541137969;B
20240206;100244;278.100000000;200;9541138041;S
20240206;100244;278.130000000;10;9541138140;B
20240206;100245;278.130000000;380;9541138316;B
20240206;100245;278.130000000;20;9541138317;B
20240206;100246;278.100000000;2000;9541138460;S
20240206;100246;278.100000000;460;9541138461;S
20240206;100246;278.100000000;850;9541138462;S
20240206;100246;278.100000000;180;9541138463;S
20240206;100246;278.100000000;10;9541138464;S
20240206;100246;278.110000000;500;9541138514;B
20240206;100246;278.110000000;400;9541138515;B
20240206;100246;278.110000000;1070;9541138516;B
20240206;100247;278.110000000;30;9541138551;S
20240206;100247;278.100000000;470;9541138552;S
20240206;100247;278.100000000;20;9541138556;S
20240206;100247;278.100000000;40;9541138557;S
20240206;100247;278.100000000;40;9541138563;B
20240206;100248;278.110000000;10;9541138717;B
20240206;100251;278.110000000;30;9541139177;S
20240206;100253;278.110000000;20;9541139433;S
20240206;100253;278.110000000;20;9541139434;S
20240206;100254;278.110000000;2000;9541139534;S
20240206;100254;278.110000000;270;9541139535;S
20240206;100254;278.110000000;730;9541139536;S
20240206;100254;278.110000000;150;9541139549;S
20240206;100255;278.120000000;90;9541139682;B
20240206;100255;278.130000000;10;9541139740;B
20240206;100256;278.110000000;40;9541139781;B
20240206;100256;278.110000000;20;9541139806;B
20240206;100256;278.100000000;10;9541139846;S
20240206;100256;278.100000000;50;9541139856;S
20240206;100256;278.100000000;120;9541139868;S
20240206;100256;278.110000000;20;9541139881;B
20240206;100257;278.110000000;120;9541139890;B
20240206;100257;278.110000000;1800;9541139918;B
20240206;100257;278.110000000;1070;9541139919;B
20240206;100257;278.110000000;50;9541139920;B
20240206;100257;278.110000000;400;9541139921;B
20240206;100257;278.140000000;560;9541139922;B
20240206;100257;278.150000000;340;9541139923;B
20240206;100257;278.150000000;560;9541139924;B
20240206;100257;278.160000000;220;9541139925;B
20240206;100257;278.100000000;180;9541140022;S
20240206;100257;278.110000000;100;9541140034;B
20240206;100258;278.140000000;10;9541140189;B
20240206;100258;278.120000000;500;9541140192;S
20240206;100259;278.110000000;900;9541140430;S
20240206;100300;278.110000000;100;9541140603;S
20240206;100300;278.110000000;400;9541140734;S
20240206;100300;278.110000000;200;9541140735;S
20240206;100301;278.120000000;100;9541140836;B
20240206;100301;278.110000000;200;9541140843;S
20240206;100302;278.110000000;200;9541140880;B
20240206;100302;278.110000000;200;9541140887;S
20240206;100302;278.110000000;400;9541140888;S
20240206;100304;278.110000000;10;9541141171;B
20240206;100305;278.110000000;50;9541141193;B
20240206;100305;278.110000000;1140;9541141255;B
20240206;100305;278.110000000;290;9541141256;B
20240206;100305;278.110000000;10;9541141293;B
20240206;100307;278.100000000;500;9541141939;S
20240206;100308;278.110000000;10;9541142067;B
20240206;100308;278.100000000;100;9541142137;S
20240206;100308;278.100000000;400;9541142138;S
20240206;100309;278.110000000;90;9541142163;B
20240206;100309;278.110000000;310;9541142164;B
20240206;100309;278.100000000;10;9541142229;S
20240206;100310;278.110000000;40;9541142332;B
20240206;100310;278.100000000;100;9541142353;S
20240206;100311;278.100000000;490;9541142547;S
20240206;100311;278.100000000;10;9541142548;S
20240206;100311;278.100000000;1500;9541142549;S
20240206;100311;278.100000000;300;9541142550;S
20240206;100311;278.100000000;200;9541142551;S
20240206;100312;278.110000000;100;9541142616;B
20240206;100315;278.100000000;10;9541142926;S
20240206;100315;278.110000000;50;9541143004;B
20240206;100315;278.110000000;1950;9541143005;B
20240206;100316;278.110000000;10;9541143097;B
20240206;100317;278.100000000;200;9541143132;S
20240206;100317;278.100000000;600;9541143193;S
20240206;100318;278.110000000;10;9541143283;B
20240206;100318;278.100000000;10;9541143440;S
20240206;100319;278.110000000;340;9541143565;B
20240206;100322;278.100000000;30;9541143871;S
20240206;100324;278.100000000;1100;9541144319;S
20240206;100326;278.100000000;4520;9541144622;S
20240206;100327;278.100000000;150;9541144669;S
20240206;100328;278.100000000;50;9541144823;S
20240206;100330;278.100000000;1500;9541145163;S
20240206;100330;278.110000000;2690;9541145179;B
20240206;100330;278.110000000;200;9541145180;B
20240206;100330;278.110000000;400;9541145181;B
20240206;100330;278.110000000;250;9541145182;B
20240206;100330;278.110000000;50;9541145183;B
20240206;100331;278.100000000;710;9541145336;S
20240206;100331;278.100000000;580;9541145338;S
20240206;100332;278.110000000;10;9541145432;B
20240206;100333;278.110000000;10;9541145572;B
20240206;100333;278.110000000;310;9541145637;B
20240206;100333;278.110000000;70;9541145638;B
20240206;100333;278.100000000;40;9541145747;S
20240206;100334;278.110000000;20;9541146051;B
20240206;100336;278.110000000;50;9541146263;B
20240206;100337;278.110000000;10;9541146447;B
20240206;100337;278.110000000;10;9541146470;B
20240206;100338;278.100000000;1000;9541146548;S
20240206;100339;278.100000000;10;9541146812;S
20240206;100339;278.110000000;60;9541146869;B
20240206;100339;278.100000000;870;9541147007;S
20240206;100339;278.100000000;200;9541147053;S
20240206;100340;278.110000000;200;9541147239;B
20240206;100340;278.100000000;4520;9541147241;S
20240206;100340;278.100000000;4520;9541147253;S
20240206;100342;278.100000000;50;9541147686;S
20240206;100342;278.100000000;20;9541147687;S
20240206;100342;278.100000000;490;9541147688;S
20240206;100342;278.100000000;20;9541147689;S
20240206;100342;278.100000000;500;9541147690;S
20240206;100342;278.100000000;10;9541147691;S
20240206;100342;278.090000000;870;9541147694;S
20240206;100342;278.040000000;560;9541147695;S
20240206;100342;278.030000000;210;9541147696;S
20240206;100343;278.030000000;70;9541147821;S
20240206;100344;278.040000000;30;9541148029;B
20240206;100344;278.030000000;20;9541148056;S
20240206;100344;278.030000000;20;9541148057;S
20240206;100344;278.030000000;10;9541148058;S
20240206;100346;278.040000000;10;9541148254;B
20240206;100348;278.040000000;10;9541148802;B
20240206;100349;278.040000000;50;9541148967;B
20240206;100351;278.040000000;130;9541149238;B
20240206;100351;278.040000000;30;9541149239;B
20240206;100351;278.040000000;10;9541149312;B
20240206;100353;278.030000000;80;9541149443;S
20240206;100353;278.040000000;10;9541149507;B
20240206;100354;278.040000000;4000;9541149664;B
20240206;100357;278.030000000;610;9541149976;S
20240206;100357;278.030000000;390;9541149977;S
20240206;100357;278.030000000;20;9541150013;S
20240206;100357;278.040000000;10;9541150043;B
20240206;100358;278.040000000;50;9541150183;B
20240206;100400;278.030000000;130;9541150561;B
20240206;100402;278.030000000;10;9541150763;B
20240206;100402;278.030000000;460;9541150822;B
20240206;100402;278.030000000;50;9541150823;B
20240206;100402;278.030000000;200;9541150824;B
20240206;100402;278.030000000;30;9541150860;S
20240206;100403;278.040000000;870;9541150917;B
20240206;100403;278.020000000;50;9541150974;S
20240206;100403;278.020000000;1420;9541150975;S
20240206;100403;278.020000000;10;9541150976;S
20240206;100403;278.020000000;200;9541150977;S
20240206;100403;278.020000000;320;9541150978;S
20240206;100405;278.040000000;290;9541151199;B
20240206;100405;278.040000000;10;9541151200;B
20240206;100405;278.040000000;40;9541151203;B
20240206;100405;278.060000000;400;9541151215;B
20240206;100406;278.060000000;300;9541151304;S
20240206;100406;278.080000000;910;9541151321;B
20240206;100407;278.080000000;10;9541151439;B
20240206;100408;278.040000000;10;9541151589;S
20240206;100408;278.020000000;20;9541151590;S
20240206;100411;278.090000000;560;9541152046;B
20240206;100411;278.090000000;400;9541152047;B
20240206;100411;278.090000000;100;9541152048;S
20240206;100411;278.090000000;200;9541152049;S
20240206;100411;278.090000000;350;9541152050;S
20240206;100411;278.020000000;350;9541152051;S
20240206;100411;278.090000000;560;9541152149;B
20240206;100411;278.090000000;500;9541152150;S
20240206;100412;278.100000000;300;9541152289;B
20240206;100412;278.090000000;400;9541152294;B
20240206;100412;278.100000000;150;9541152295;B
20240206;100413;278.030000000;410;9541152501;S
20240206;100413;278.030000000;10;9541152571;S
20240206;100413;278.010000000;40;9541152614;S
20240206;100413;278.010000000;10;9541152615;S
20240206;100413;278.010000000;60;9541152616;S
20240206;100414;278.080000000;10;9541152703;B
20240206;100414;278.010000000;20;9541152707;S
20240206;100418;278.010000000;280;9541153204;S
20240206;100418;278.030000000;10;9541153292;B
20240206;100421;278.070000000;10;9541153683;B
20240206;100421;278.070000000;40;9541153710;B
20240206;100421;278.080000000;20;9541153711;B
20240206;100421;278.010000000;200;9541153733;S
20240206;100421;278.010000000;400;9541153734;S
20240206;100421;278.010000000;850;9541153735;S
20240206;100421;278.080000000;70;9541153743;B
20240206;100421;278.080000000;360;9541153744;B
20240206;100421;278.080000000;360;9541153745;B
20240206;100421;278.090000000;560;9541153746;B
20240206;100421;278.090000000;400;9541153747;B
20240206;100421;278.100000000;350;9541153748;B
20240206;100421;278.100000000;220;9541153749;B
20240206;100421;278.100000000;560;9541153750;B
20240206;100421;278.110000000;560;9541153751;B
20240206;100421;278.110000000;1390;9541153752;B
20240206;100421;278.110000000;400;9541153753;B
20240206;100421;278.120000000;520;9541153754;B
20240206;100422;278.110000000;360;9541153821;B
20240206;100422;278.110000000;360;9541153822;B
20240206;100422;278.110000000;870;9541153823;B
20240206;100422;278.070000000;30;9541153906;S
20240206;100423;278.080000000;170;9541153950;S
20240206;100426;278.100000000;140;9541154441;B
20240206;100427;278.070000000;50;9541154586;S
20240206;100429;278.100000000;10;9541154906;B
20240206;100429;278.100000000;300;9541154907;B
20240206;100429;278.080000000;30;9541154914;S
20240206;100430;278.100000000;550;9541155022;B
20240206;100430;278.120000000;180;9541155023;B
20240206;100430;278.140000000;560;9541155024;B
20240206;100430;278.140000000;400;9541155025;B
20240206;100430;278.150000000;90;9541155026;B
20240206;100430;278.150000000;560;9541155027;B
20240206;100430;278.160000000;260;9541155028;B
20240206;100430;278.090000000;100;9541155036;S
20240206;100430;278.090000000;500;9541155099;S
20240206;100435;278.100000000;10;9541155969;B
20240206;100436;278.100000000;10;9541156135;B
20240206;100437;278.100000000;250;9541156219;B
20240206;100437;278.110000000;100;9541156234;B
20240206;100437;278.120000000;400;9541156235;B
20240206;100437;278.130000000;500;9541156236;B
20240206;100438;278.140000000;10;9541156500;B
20240206;100440;278.100000000;10;9541156997;S
20240206;100440;278.140000000;30;9541157000;B
20240206;100440;278.140000000;10;9541157007;B
20240206;100441;278.100000000;360;9541157115;S
20240206;100441;278.090000000;220;9541157116;S
20240206;100441;278.120000000;210;9541157174;B
20240206;100441;278.110000000;20;9541157203;B
20240206;100443;278.140000000;20;9541157589;B
20240206;100444;278.100000000;100;9541157862;S
20240206;100445;278.150000000;560;9541158106;B
20240206;100445;278.150000000;400;9541158107;B
20240206;100445;278.150000000;650;9541158108;B
20240206;100445;278.140000000;1610;9541158123;B
20240206;100446;278.150000000;30;9541158235;B
20240206;100446;278.150000000;10;9541158236;B
20240206;100446;278.110000000;1100;9541158314;B
20240206;100446;278.110000000;10;9541158317;B
20240206;100446;278.110000000;100;9541158332;B
20240206;100446;278.110000000;50;9541158361;B
20240206;100446;278.110000000;20;9541158362;B
20240206;100446;278.110000000;70;9541158367;B
20240206;100450;278.100000000;10;9541158930;S
20240206;100451;278.100000000;250;9541159181;S
20240206;100451;278.100000000;360;9541159182;S
20240206;100451;278.100000000;890;9541159183;S
20240206;100451;278.110000000;150;9541159312;B
20240206;100451;278.110000000;350;9541159313;B
20240206;100452;278.110000000;50;9541159348;B
20240206;100452;278.110000000;10;9541159349;B
20240206;100452;278.100000000;100;9541159363;S
20240206;100452;278.110000000;10;9541159372;B
20240206;100452;278.110000000;880;9541159373;B
20240206;100452;278.110000000;10;9541159377;B
20240206;100452;278.110000000;30;9541159441;B
20240206;100453;278.100000000;100;9541159520;S
20240206;100453;278.110000000;10;9541159572;B
20240206;100454;278.110000000;670;9541159741;B
20240206;100454;278.110000000;100;9541159742;B
20240206;100454;278.150000000;10;9541159743;B
20240206;100454;278.160000000;20;9541159744;B
20240206;100455;278.120000000;100;9541159886;S
20240206;100458;278.120000000;300;9541160283;B
20240206;100458;278.140000000;10;9541160284;B
20240206;100458;278.160000000;490;9541160285;B
20240206;100458;278.160000000;380;9541160286;B
20240206;100458;278.170000000;50;9541160287;B
20240206;100458;278.170000000;560;9541160288;B
20240206;100458;278.180000000;200;9541160289;B
20240206;100458;278.180000000;560;9541160290;B
20240206;100458;278.190000000;110;9541160291;B
20240206;100458;278.190000000;340;9541160292;B
20240206;100458;278.140000000;300;9541160293;S
20240206;100458;278.140000000;360;9541160305;S
20240206;100458;278.140000000;40;9541160306;S
20240206;100459;278.140000000;10;9541160469;B
20240206;100459;278.130000000;20;9541160536;S
20240206;100459;278.140000000;20;9541160544;B
20240206;100459;278.140000000;10;9541160568;B
20240206;100501;278.140000000;110;9541160831;B
20240206;100501;278.140000000;310;9541160890;B
20240206;100503;278.140000000;10;9541161147;B
20240206;100504;278.120000000;1000;9541161234;S
20240206;100504;278.100000000;730;9541161235;S
20240206;100504;278.100000000;300;9541161236;S
20240206;100504;278.100000000;100;9541161237;S
20240206;100504;278.100000000;190;9541161238;S
20240206;100504;278.090000000;780;9541161239;S
20240206;100504;278.070000000;560;9541161240;S
20240206;100504;278.070000000;20;9541161241;S
20240206;100504;278.060000000;500;9541161242;S
20240206;100504;278.060000000;60;9541161243;S
20240206;100504;278.060000000;30;9541161358;B
20240206;100505;278.050000000;20;9541161388;S
20240206;100505;278.050000000;250;9541161389;S
20240206;100505;278.050000000;10;9541161407;B
20240206;100506;278.040000000;10;9541161550;S
20240206;100506;278.040000000;430;9541161551;S
20240206;100506;278.040000000;200;9541161552;S
20240206;100506;278.040000000;90;9541161553;S
20240206;100506;278.040000000;250;9541161554;S
20240206;100506;278.030000000;560;9541161555;S
20240206;100506;278.030000000;250;9541161556;S
20240206;100507;278.020000000;1370;9541161738;S
20240206;100507;278.020000000;480;9541161739;S
20240206;100507;278.020000000;210;9541161740;S
20240206;100507;278.020000000;1320;9541161741;S
20240206;100507;278.020000000;1310;9541161742;S
20240206;100507;278.030000000;10;9541161841;B
20240206;100507;278.030000000;240;9541161879;B
20240206;100507;278.050000000;260;9541161880;B
20240206;100508;278.050000000;40;9541161953;B
20240206;100508;278.050000000;250;9541161954;B
20240206;100508;278.070000000;360;9541161955;B
20240206;100508;278.070000000;1080;9541161956;B
20240206;100508;278.070000000;400;9541161957;B
20240206;100508;278.080000000;750;9541161958;B
20240206;100508;278.080000000;560;9541161959;B
20240206;100508;278.090000000;360;9541161960;B
20240206;100508;278.090000000;750;9541161961;B
20240206;100508;278.090000000;560;9541161962;B
20240206;100508;278.100000000;750;9541161963;B
20240206;100508;278.100000000;560;9541161964;B
20240206;100508;278.110000000;750;9541161965;B
20240206;100508;278.110000000;560;9541161966;B
20240206;100508;278.110000000;20;9541161967;B
20240206;100508;278.120000000;750;9541161968;B
20240206;100508;278.120000000;560;9541161969;B
20240206;100508;278.130000000;750;9541161970;B
20240206;100508;278.130000000;560;9541161971;B
20240206;100508;278.130000000;3000;9541161972;B
20240206;100508;278.140000000;750;9541161973;B
20240206;100508;278.140000000;560;9541161974;B
20240206;100508;278.140000000;2000;9541161975;B
20240206;100508;278.140000000;2000;9541161976;B
20240206;100508;278.150000000;560;9541161977;B
20240206;100508;278.150000000;750;9541161978;B
20240206;100508;278.150000000;2000;9541161979;B
20240206;100508;278.160000000;560;9541161980;B
20240206;100508;278.160000000;750;9541161981;B
20240206;100508;278.170000000;560;9541161982;B
20240206;100508;278.170000000;750;9541161983;B
20240206;100508;278.170000000;2000;9541161984;B
20240206;100508;278.170000000;6000;9541161985;B
20240206;100508;278.170000000;1070;9541161986;B
20240206;100508;278.180000000;750;9541161987;B
20240206;100508;278.180000000;3000;9541161988;B
20240206;100508;278.180000000;1000;9541161989;B
20240206;100508;278.190000000;440;9541161990;B
20240206;100508;278.190000000;130;9541161991;B
20240206;100508;278.140000000;10;9541162012;B
20240206;100508;278.030000000;30;9541162024;S
20240206;100509;278.120000000;10;9541162157;S
20240206;100509;278.120000000;550;9541162202;S
20240206;100509;278.120000000;40;9541162203;S
20240206;100510;278.190000000;60;9541162322;B
20240206;100510;278.130000000;10;9541162382;B
20240206;100510;278.120000000;560;9541162399;S
20240206;100510;278.120000000;400;9541162400;S
20240206;100510;278.110000000;10;9541162401;S
20240206;100510;278.110000000;560;9541162402;S
20240206;100510;278.100000000;560;9541162403;S
20240206;100510;278.100000000;1070;9541162404;S
20240206;100510;278.090000000;10;9541162417;B
20240206;100511;278.090000000;10;9541162459;B
20240206;100512;278.090000000;1000;9541162581;B
20240206;100515;278.060000000;50;9541163020;S
20240206;100516;278.090000000;70;9541163141;B
20240206;100517;278.060000000;140;9541163378;S
20240206;100518;278.090000000;20;9541163464;B
20240206;100518;278.090000000;100;9541163503;B
20240206;100519;278.090000000;30;9541163586;B
20240206;100519;278.090000000;110;9541163596;B
20240206;100521;278.090000000;30;9541163853;B
20240206;100521;278.100000000;70;9541163854;B
20240206;100522;278.090000000;360;9541163968;S
20240206;100522;278.090000000;140;9541163969;S
20240206;100522;278.090000000;30;9541164067;S
20240206;100524;278.100000000;10;9541164294;B
20240206;100524;278.100000000;10;9541164311;B
20240206;100526;278.100000000;160;9541164513;B
20240206;100526;278.090000000;330;9541164515;S
20240206;100526;278.090000000;560;9541164516;S
20240206;100526;278.090000000;110;9541164517;S
20240206;100526;278.090000000;90;9541164600;S
20240206;100526;278.090000000;200;9541164601;S
20240206;100526;278.090000000;360;9541164602;S
20240206;100526;278.090000000;560;9541164603;S
20240206;100526;278.080000000;560;9541164604;S
20240206;100526;278.080000000;20;9541164605;S
20240206;100526;278.070000000;360;9541164606;S
20240206;100526;278.070000000;560;9541164607;S
20240206;100526;278.070000000;1080;9541164608;S
20240206;100526;278.070000000;400;9541164609;S
20240206;100526;278.070000000;1070;9541164610;S
20240206;100526;278.060000000;370;9541164611;S
20240206;100526;278.060000000;370;9541164612;S
20240206;100527;278.100000000;10;9541164742;B
20240206;100527;278.100000000;120;9541164781;B
20240206;100527;278.100000000;3610;9541164783;B
20240206;100528;278.090000000;360;9541164948;S
20240206;100528;278.090000000;220;9541164949;S
20240206;100529;278.090000000;20;9541165126;S
20240206;100530;278.100000000;10;9541165199;B
20240206;100531;278.100000000;8840;9541165319;B
20240206;100531;278.100000000;580;9541165320;B
20240206;100531;278.130000000;40;9541165321;B
20240206;100531;278.130000000;540;9541165322;B
20240206;100531;278.130000000;30;9541165456;B
20240206;100531;278.130000000;10;9541165457;B
20240206;100533;278.120000000;400;9541165750;S
20240206;100533;278.120000000;100;9541165751;S
20240206;100533;278.100000000;360;9541165752;S
20240206;100533;278.100000000;560;9541165753;S
20240206;100533;278.090000000;560;9541165754;S
20240206;100533;278.080000000;560;9541165755;S
20240206;100533;278.080000000;1080;9541165756;S
20240206;100533;278.080000000;360;9541165757;S
20240206;100533;278.070000000;560;9541165758;S
20240206;100533;278.070000000;750;9541165759;S
20240206;100533;278.070000000;10;9541165861;B
20240206;100534;278.070000000;710;9541165928;B
20240206;100535;278.070000000;40;9541166051;B
20240206;100538;278.070000000;20;9541166520;B
20240206;100539;278.070000000;10;9541166611;B
20240206;100540;278.060000000;10;9541166713;S
20240206;100541;278.070000000;10;9541166841;B
20240206;100546;278.070000000;500;9541167816;B
20240206;100546;278.070000000;170;9541167866;B
20240206;100547;278.070000000;150;9541167926;B
20240206;100548;278.070000000;50;9541168243;B
20240206;100550;278.070000000;10;9541168551;B
20240206;100550;278.070000000;50;9541168589;B
20240206;100551;278.070000000;400;9541168689;B
20240206;100551;278.060000000;1530;9541168836;S
20240206;100552;278.060000000;10;9541168873;S
20240206;100552;278.070000000;2580;9541168981;B
20240206;100552;278.100000000;120;9541168982;B
20240206;100552;278.100000000;1500;9541168983;B
20240206;100552;278.120000000;750;9541168984;B
20240206;100552;278.130000000;90;9541168985;B
20240206;100552;278.130000000;30;9541168986;B
20240206;100552;278.130000000;750;9541168987;B
20240206;100552;278.140000000;750;9541168988;B
20240206;100552;278.140000000;560;9541168989;B
20240206;100552;278.150000000;750;9541168990;B
20240206;100552;278.150000000;560;9541168991;B
20240206;100552;278.150000000;400;9541168992;B
20240206;100552;278.160000000;750;9541168993;B
20240206;100552;278.160000000;410;9541168994;B
20240206;100555;278.140000000;360;9541169426;S
20240206;100555;278.140000000;400;9541169427;S
20240206;100555;278.130000000;360;9541169428;S
20240206;100555;278.120000000;1080;9541169429;S
20240206;100555;278.120000000;1070;9541169430;S
20240206;100555;278.110000000;560;9541169431;S
20240206;100555;278.100000000;560;9541169432;S
20240206;100556;278.070000000;10;9541169547;S
20240206;100557;278.070000000;10;9541169705;S
20240206;100559;278.080000000;10;9541170008;B
20240206;100600;278.070000000;50;9541170076;S
20240206;100601;278.080000000;90;9541170233;B
20240206;100601;278.090000000;100;9541170234;B
20240206;100601;278.100000000;60;9541170235;B
20240206;100604;278.070000000;360;9541170755;S
20240206;100604;278.070000000;640;9541170756;S
20240206;100604;278.080000000;750;9541170761;S
20240206;100605;278.070000000;100;9541170822;S
20240206;100606;278.080000000;100;9541171052;S
20240206;100607;278.090000000;140;9541171143;B
20240206;100608;278.080000000;70;9541171211;S
20240206;100608;278.080000000;100;9541171239;S
20240206;100608;278.090000000;160;9541171292;B
20240206;100608;278.080000000;810;9541171300;S
20240206;100609;278.080000000;200;9541171445;B
20240206;100612;278.080000000;20;9541171748;B
20240206;100614;278.070000000;20;9541171952;S
20240206;100614;278.070000000;10;9541171954;S
20240206;100614;278.080000000;340;9541172048;B
20240206;100614;278.080000000;10;9541172088;B
20240206;100614;278.070000000;670;9541172102;S
20240206;100614;278.070000000;10;9541172103;S
20240206;100614;278.070000000;320;9541172104;S
20240206;100616;278.070000000;130;9541172294;S
20240206;100618;278.080000000;50;9541172687;B
20240206;100619;278.080000000;910;9541172845;B
20240206;100621;278.080000000;330;9541173172;B
20240206;100623;278.070000000;400;9541173440;S
20240206;100626;278.070000000;110;9541173858;S
20240206;100628;278.070000000;530;9541174358;S
20240206;100628;278.070000000;240;9541174359;S
20240206;100628;278.070000000;110;9541174360;S
20240206;100628;278.070000000;360;9541174361;S
20240206;100628;278.070000000;260;9541174362;S
20240206;100629;278.080000000;150;9541174471;B
20240206;100630;278.080000000;10;9541174508;B
20240206;100634;278.070000000;10;9541174980;S
20240206;100634;278.070000000;10;9541174981;S
20240206;100636;278.070000000;40;9541175176;B
20240206;100636;278.070000000;440;9541175232;B
20240206;100636;278.080000000;560;9541175233;B
20240206;100637;278.080000000;20;9541175272;B
20240206;100637;278.080000000;30;9541175311;B
20240206;100637;278.060000000;50;9541175381;S
20240206;100638;278.080000000;80;9541175460;B
20240206;100638;278.080000000;10;9541175461;B
20240206;100638;278.080000000;360;9541175462;B
20240206;100639;278.080000000;50;9541175574;B
20240206;100641;278.070000000;360;9541175968;S
20240206;100641;278.070000000;400;9541175969;S
20240206;100641;278.070000000;240;9541175970;S
20240206;100645;278.070000000;20;9541177016;S
20240206;100645;278.060000000;220;9541177017;S
20240206;100646;278.080000000;10;9541177240;B
20240206;100646;278.080000000;10;9541177241;B
20240206;100647;278.080000000;10;9541177370;B
20240206;100648;278.070000000;400;9541177609;S
20240206;100648;278.070000000;100;9541177610;S
20240206;100648;278.070000000;20;9541177612;S
20240206;100648;278.060000000;30;9541177649;S
20240206;100650;278.070000000;500;9541177939;B
20240206;100650;278.070000000;10;9541177945;B
20240206;100651;278.070000000;160;9541177970;B
20240206;100651;278.070000000;210;9541178035;B
20240206;100655;278.070000000;10;9541178551;B
20240206;100655;278.070000000;2770;9541178619;B
20240206;100655;278.080000000;10;9541178620;B
20240206;100655;278.080000000;100;9541178621;B
20240206;100655;278.080000000;20;9541178622;B
20240206;100655;278.090000000;100;9541178623;B
20240206;100655;278.090000000;100;9541178624;B
20240206;100655;278.090000000;400;9541178625;B
20240206;100655;278.090000000;20;9541178626;B
20240206;100655;278.100000000;520;9541178627;B
20240206;100656;278.100000000;10;9541178731;B
20240206;100657;278.070000000;720;9541178940;S
20240206;100657;278.070000000;40;9541179068;S
20240206;100657;278.070000000;320;9541179069;S
20240206;100657;278.070000000;120;9541179070;S
20240206;100657;278.060000000;2490;9541179071;S
20240206;100701;278.100000000;1060;9541179705;B
20240206;100702;278.070000000;20;9541179830;S
20240206;100702;278.070000000;40;9541179846;S
20240206;100703;278.070000000;190;9541179933;S
20240206;100703;278.070000000;100;9541179934;S
20240206;100703;278.070000000;160;9541179935;S
20240206;100703;278.070000000;20;9541179974;B
20240206;100706;278.060000000;500;9541180396;S
20240206;100707;278.070000000;10;9541180488;B
20240206;100711;278.070000000;100;9541180965;B
20240206;100711;278.070000000;40;9541181069;B
20240206;100711;278.070000000;300;9541181070;B
20240206;100711;278.070000000;110;9541181071;B
20240206;100712;278.070000000;20;9541181106;B
20240206;100712;278.070000000;150;9541181133;B
20240206;100712;278.060000000;400;9541181169;S
20240206;100714;278.070000000;90;9541181403;B
20240206;100714;278.070000000;30;9541181444;B
20240206;100715;278.060000000;500;9541181488;S
20240206;100716;278.060000000;50;9541181666;S
20240206;100719;278.070000000;100;9541182033;B
20240206;100719;278.070000000;200;9541182034;B
20240206;100719;278.070000000;500;9541182035;B
20240206;100720;278.070000000;130;9541182266;S
20240206;100720;278.070000000;30;9541182372;S
20240206;100722;278.070000000;10;9541182698;S
20240206;100723;278.070000000;20;9541182820;S
20240206;100726;278.080000000;10;9541183039;B
20240206;100727;278.080000000;10;9541183288;B
20240206;100727;278.080000000;360;9541183289;B
20240206;100727;278.080000000;400;9541183290;B
20240206;100727;278.090000000;3590;9541183291;B
20240206;100729;278.070000000;1000;9541183533;S
20240206;100731;278.080000000;10;9541183784;B
20240206;100731;278.080000000;60;9541183786;B
20240206;100732;278.070000000;10;9541183844;S
20240206;100732;278.060000000;10;9541183845;S
20240206;100733;278.080000000;160;9541184007;B
20240206;100739;278.060000000;10;9541184701;S
20240206;100740;278.060000000;280;9541184834;S
20240206;100743;278.060000000;2000;9541185064;S
20240206;100743;278.060000000;500;9541185065;S
20240206;100743;278.060000000;1000;9541185066;S
20240206;100743;278.070000000;20;9541185145;B
20240206;100744;278.060000000;30;9541185185;S
20240206;100744;278.060000000;10;9541185284;S
20240206;100745;278.060000000;400;9541185317;S
20240206;100745;278.070000000;180;9541185421;B
20240206;100745;278.070000000;500;9541185422;B
20240206;100745;278.070000000;400;9541185423;B
20240206;100745;278.070000000;360;9541185424;B
20240206;100745;278.060000000;1600;9541185452;S
20240206;100745;278.060000000;10;9541185453;S
20240206;100745;278.060000000;20;9541185454;S
20240206;100745;278.060000000;10;9541185455;S
20240206;100745;278.060000000;30;9541185456;S
20240206;100745;278.060000000;10;9541185457;S
20240206;100745;278.060000000;320;9541185458;S
20240206;100746;278.060000000;80;9541185470;S
20240206;100746;278.080000000;10;9541185501;B
20240206;100746;278.080000000;10;9541185521;B
20240206;100746;278.080000000;10;9541185564;B
20240206;100748;278.080000000;160;9541185690;B
20240206;100749;278.060000000;20;9541185950;S
20240206;100754;278.080000000;10;9541186413;B
20240206;100754;278.080000000;10;9541186524;B
20240206;100754;278.080000000;150;9541186531;B
20240206;100756;278.080000000;10;9541186781;B
20240206;100759;278.060000000;10;9541187173;S
20240206;100800;278.080000000;160;9541187238;B
20240206;100800;278.080000000;10;9541187372;B
20240206;100801;278.060000000;10;9541187534;S
20240206;100802;278.060000000;780;9541187646;S
20240206;100802;278.060000000;220;9541187647;S
20240206;100804;278.080000000;30;9541187961;B
20240206;100808;278.060000000;30;9541188420;S
20240206;100808;278.080000000;20;9541188492;B
20240206;100808;278.080000000;10;9541188521;B
20240206;100810;278.080000000;600;9541188612;B
20240206;100810;278.080000000;30;9541188659;B
20240206;100814;278.080000000;330;9541189107;B
20240206;100814;278.080000000;10;9541189108;B
20240206;100814;278.080000000;10;9541189109;B
20240206;100814;278.080000000;360;9541189110;B
20240206;100814;278.060000000;500;9541189207;S
20240206;100815;278.060000000;400;9541189324;S
20240206;100816;278.070000000;160;9541189384;B
20240206;100816;278.060000000;500;9541189404;S
20240206;100816;278.060000000;10;9541189405;S
20240206;100816;278.070000000;10;9541189407;B
20240206;100816;278.070000000;10;9541189440;B
20240206;100817;278.070000000;320;9541189472;B
20240206;100817;278.070000000;500;9541189473;B
20240206;100817;278.070000000;380;9541189474;B
20240206;100819;278.060000000;10;9541189736;S
20240206;100820;278.060000000;100;9541189847;S
20240206;100820;278.070000000;20;9541189883;B
20240206;100821;278.070000000;10;9541190121;B
20240206;100822;278.070000000;90;9541190213;B
20240206;100822;278.090000000;60;9541190214;B
20240206;100822;278.090000000;90;9541190246;B
20240206;100823;278.090000000;110;9541190280;B
20240206;100823;278.090000000;10;9541190282;B
20240206;100831;278.080000000;10;9541191200;S
20240206;100831;278.080000000;50;9541191201;S
20240206;100831;278.070000000;360;9541191202;S
20240206;100831;278.070000000;20;9541191203;S
20240206;100831;278.070000000;150;9541191204;S
20240206;100831;278.070000000;240;9541191205;S
20240206;100831;278.060000000;470;9541191206;S
20240206;100833;278.080000000;10;9541191404;B
20240206;100833;278.080000000;90;9541191438;B
20240206;100833;278.080000000;10;9541191439;B
20240206;100835;278.080000000;80;9541191671;B
20240206;100836;278.080000000;20;9541191729;B
20240206;100836;278.080000000;70;9541191730;B
20240206;100837;278.090000000;150;9541191885;B
20240206;100839;278.080000000;10;9541192046;S
20240206;100839;278.070000000;160;9541192047;S
20240206;100839;278.070000000;1080;9541192048;S
20240206;100839;278.070000000;250;9541192049;S
20240206;100841;278.090000000;290;9541192293;B
20240206;100842;278.090000000;10;9541192411;B
20240206;100845;278.090000000;250;9541192807;B
20240206;100846;278.070000000;80;9541192884;S
20240206;100846;278.070000000;20;9541192885;S
20240206;100847;278.070000000;340;9541192978;S
20240206;100848;278.070000000;10;9541193040;B
20240206;100848;278.070000000;150;9541193042;B
20240206;100848;278.070000000;3000;9541193043;B
20240206;100848;278.090000000;250;9541193044;B
20240206;100848;278.070000000;100;9541193060;S
20240206;100849;278.090000000;10;9541193122;B
20240206;100850;278.060000000;20;9541193287;S
20240206;100853;278.090000000;20;9541193565;B
20240206;100854;278.090000000;20;9541193654;B
20240206;100855;278.070000000;10;9541193791;S
20240206;100855;278.060000000;340;9541193792;S
20240206;100858;278.090000000;160;9541194125;B
20240206;100859;278.090000000;10;9541194200;B
20240206;100859;278.090000000;200;9541194213;B
20240206;100859;278.080000000;10;9541194217;S
20240206;100859;278.080000000;90;9541194218;S
20240206;100859;278.080000000;200;9541194219;S
20240206;100901;278.070000000;10;9541194373;S
20240206;100901;278.060000000;8990;9541194374;S
20240206;100901;278.070000000;360;9541194445;S
20240206;100901;278.060000000;1640;9541194446;S
20240206;100901;278.060000000;1500;9541194447;S
20240206;100903;278.080000000;1000;9541194703;B
20240206;100903;278.080000000;500;9541194704;B
20240206;100903;278.080000000;100;9541194705;B
20240206;100903;278.080000000;50;9541194706;B
20240206;100903;278.090000000;310;9541194707;B
20240206;100905;278.080000000;1000;9541195004;B
20240206;100905;278.080000000;250;9541195005;B
20240206;100906;278.090000000;1000;9541195129;B
20240206;100906;278.080000000;360;9541195132;S
20240206;100910;278.080000000;10;9541195534;B
20240206;100912;278.070000000;1080;9541195763;S
20240206;100912;278.070000000;360;9541195764;S
20240206;100912;278.070000000;60;9541195765;S
20240206;100912;278.060000000;10;9541195826;S
20240206;100915;278.080000000;10;9541196084;B
20240206;100916;278.080000000;20;9541196236;B
20240206;100917;278.080000000;1100;9541196297;B
20240206;100917;278.080000000;100;9541196298;B
20240206;100917;278.080000000;1300;9541196299;B
20240206;100917;278.080000000;500;9541196300;B
20240206;100917;278.080000000;500;9541196301;B
20240206;100917;278.090000000;500;9541196302;B
20240206;100917;278.090000000;2520;9541196324;B
20240206;100917;278.090000000;100;9541196326;B
20240206;100917;278.090000000;10;9541196330;B
20240206;100917;278.080000000;360;9541196388;S
20240206;100917;278.070000000;40;9541196389;S
20240206;100918;278.090000000;30;9541196425;B
20240206;100918;278.070000000;1040;9541196500;S
20240206;100920;278.070000000;150;9541196616;B
20240206;100925;278.070000000;10;9541197376;B
20240206;100926;278.070000000;20;9541197406;B
20240206;100926;278.070000000;30;9541197476;B
20240206;100927;278.070000000;10;9541197608;B
20240206;100927;278.060000000;100;9541197642;S
20240206;100928;278.060000000;20;9541197702;S
20240206;100931;278.070000000;100;9541198056;B
20240206;100932;278.070000000;140;9541198309;B
20240206;100932;278.070000000;100;9541198310;B
20240206;100932;278.070000000;10;9541198311;B
20240206;100932;278.070000000;100;9541198312;B
20240206;100932;278.090000000;3300;9541198313;B
20240206;100932;278.090000000;10;9541198359;B
20240206;100932;278.090000000;310;9541198414;B
20240206;100934;278.090000000;20;9541198587;B
20240206;100934;278.080000000;30;9541198594;S
20240206;100934;278.080000000;130;9541198629;S
20240206;100937;278.080000000;100;9541198924;S
20240206;100939;278.080000000;100;9541199155;S
20240206;100939;278.090000000;1000;9541199183;B
20240206;100940;278.080000000;100;9541199252;S
20240206;100941;278.080000000;100;9541199353;S
20240206;100941;278.090000000;160;9541199369;B
20240206;100942;278.080000000;10;9541199481;S
20240206;100942;278.080000000;90;9541199482;S
20240206;100942;278.080000000;100;9541199605;S
20240206;100943;278.080000000;100;9541199701;S
20240206;100943;278.080000000;50;9541199727;S
20240206;100944;278.080000000;320;9541199749;S
20240206;100944;278.080000000;100;9541199823;S
20240206;100944;278.090000000;30;9541199824;B
20240206;100944;278.080000000;20;9541199834;S
20240206;100944;278.090000000;14460;9541199859;B
20240206;100945;278.090000000;20;9541199902;B
20240206;100946;278.080000000;190;9541200063;S
20240206;100946;278.080000000;100;9541200118;S
20240206;100951;278.080000000;10;9541200815;B
20240206;100952;278.080000000;30;9541201010;B
20240206;100953;278.080000000;10;9541201086;B
20240206;100953;278.080000000;310;9541201126;B
20240206;100953;278.080000000;400;9541201127;B
20240206;100954;278.080000000;10;9541201250;B
20240206;100955;278.080000000;20;9541201336;B
20240206;100955;278.080000000;40;9541201395;B
20240206;100957;278.080000000;60;9541201524;B
20240206;100957;278.080000000;350;9541201525;B
20240206;100957;278.080000000;360;9541201526;B
20240206;100957;278.080000000;180;9541201527;B
20240206;100958;278.070000000;20;9541201674;S
20240206;100959;278.080000000;550;9541201776;B
20240206;101001;278.070000000;980;9541202015;S
20240206;101001;278.070000000;50;9541202016;S
20240206;101001;278.070000000;370;9541202017;S
20240206;101002;278.060000000;10;9541202136;S
20240206;101002;278.060000000;10;9541202137;S
20240206;101002;278.060000000;10;9541202138;S
20240206;101002;278.060000000;70;9541202139;S
20240206;101002;278.070000000;100;9541202165;B
20240206;101002;278.080000000;50;9541202166;B
20240206;101005;278.080000000;90;9541202631;B
20240206;101007;278.080000000;630;9541202802;B
20240206;101007;278.090000000;990;9541202803;B
20240206;101007;278.090000000;550;9541202804;B
20240206;101007;278.090000000;10;9541202805;B
20240206;101007;278.090000000;100;9541202806;B
20240206;101007;278.090000000;90;9541202807;B
20240206;101007;278.090000000;400;9541202808;B
20240206;101007;278.100000000;17230;9541202809;B
20240206;101007;278.100000000;20;9541202817;B
20240206;101007;278.100000000;180;9541202848;B
20240206;101010;278.100000000;20;9541203216;B
20240206;101010;278.090000000;10;9541203238;S
20240206;101014;278.100000000;30;9541203917;B
20240206;101017;278.100000000;330;9541204520;B
20240206;101018;278.100000000;12650;9541204743;B
20240206;101018;278.100000000;10;9541204744;B
20240206;101018;278.100000000;60;9541204745;B
20240206;101018;278.100000000;100;9541204746;B
20240206;101018;278.100000000;500;9541204747;B
20240206;101021;278.110000000;50;9541205251;B
20240206;101021;278.110000000;50;9541205252;B
20240206;101021;278.110000000;10;9541205304;B
20240206;101021;278.110000000;110;9541205327;B
20240206;101021;278.110000000;10;9541205328;B
20240206;101021;278.110000000;10;9541205329;B
20240206;101021;278.110000000;20;9541205330;B
20240206;101021;278.140000000;250;9541205331;B
20240206;101022;278.150000000;10;9541205347;B
20240206;101022;278.170000000;190;9541205348;B
20240206;101022;278.150000000;10;9541205374;S
20240206;101022;278.150000000;10;9541205376;S
20240206;101022;278.150000000;10;9541205378;S
20240206;101022;278.180000000;10;9541205447;B
20240206;101022;278.190000000;10;9541205448;B
20240206;101022;278.190000000;560;9541205449;B
20240206;101022;278.200000000;20;9541205450;B
20240206;101022;278.200000000;10;9541205451;B
20240206;101022;278.200000000;30;9541205452;B
20240206;101022;278.200000000;100;9541205453;B
20240206;101022;278.200000000;10;9541205454;B
20240206;101022;278.200000000;20;9541205455;B
20240206;101022;278.200000000;40;9541205456;B
20240206;101022;278.200000000;190;9541205457;B
20240206;101023;278.190000000;160;9541205624;B
20240206;101025;278.180000000;10;9541205871;S
20240206;101025;278.180000000;90;9541205896;S
20240206;101026;278.160000000;810;9541205976;S
20240206;101026;278.150000000;200;9541206027;S
20240206;101027;278.170000000;30;9541206090;B
20240206;101029;278.150000000;600;9541206433;S
20240206;101033;278.170000000;470;9541207033;B
20240206;101034;278.180000000;10;9541207168;B
20240206;101035;278.170000000;20;9541207227;S
20240206;101035;278.170000000;860;9541207293;S
20240206;101040;278.160000000;140;9541208245;B
20240206;101040;278.160000000;210;9541208246;B
20240206;101043;278.160000000;20;9541208515;B
20240206;101044;278.160000000;270;9541208701;B
20240206;101044;278.160000000;100;9541208702;B
20240206;101044;278.170000000;360;9541208703;B
20240206;101044;278.170000000;500;9541208704;B
20240206;101044;278.170000000;400;9541208705;B
20240206;101044;278.170000000;90;9541208706;B
20240206;101044;278.180000000;500;9541208707;B
20240206;101044;278.180000000;100;9541208708;S
20240206;101044;278.180000000;100;9541208709;S
20240206;101045;278.190000000;150;9541208876;B
20240206;101045;278.190000000;60;9541208938;B
20240206;101045;278.190000000;100;9541209046;B
20240206;101047;278.180000000;630;9541209222;S
20240206;101048;278.180000000;30;9541209364;S
20240206;101049;278.190000000;10;9541209389;B
20240206;101051;278.190000000;500;9541209750;B
20240206;101051;278.180000000;1200;9541209788;S
20240206;101056;278.190000000;500;9541210519;B
20240206;101057;278.190000000;200;9541210582;B
20240206;101057;278.180000000;30;9541210646;S
20240206;101058;278.190000000;810;9541210674;B
20240206;101058;278.180000000;5690;9541210799;S
20240206;101058;278.180000000;20;9541210800;S
20240206;101058;278.180000000;150;9541210801;S
20240206;101058;278.160000000;400;9541210802;S
20240206;101058;278.150000000;500;9541210803;S
20240206;101058;278.150000000;50;9541210804;S
20240206;101059;278.140000000;20;9541210810;B
20240206;101059;278.120000000;30;9541210865;S
20240206;101059;278.120000000;970;9541210951;S
20240206;101059;278.110000000;400;9541210952;S
20240206;101059;278.110000000;1000;9541210953;S
20240206;101059;278.100000000;5000;9541210954;S
20240206;101059;278.100000000;560;9541210955;S
20240206;101059;278.100000000;500;9541210956;S
20240206;101059;278.090000000;560;9541210957;S
20240206;101059;278.090000000;750;9541210958;S
20240206;101059;278.080000000;200;9541210959;S
20240206;101059;278.080000000;60;9541210960;S
20240206;101059;278.110000000;10;9541211108;B
20240206;101100;278.120000000;10;9541211127;B
20240206;101100;278.120000000;10;9541211201;B
20240206;101101;278.120000000;1060;9541211317;B
20240206;101101;278.120000000;400;9541211318;B
20240206;101101;278.120000000;360;9541211319;B
20240206;101101;278.130000000;1000;9541211320;B
20240206;101101;278.140000000;180;9541211321;B
20240206;101102;278.100000000;20;9541211450;B
20240206;101102;278.100000000;10;9541211569;B
20240206;101103;278.090000000;300;9541211707;S
20240206;101103;278.100000000;30;9541211713;B
20240206;101105;278.090000000;400;9541211919;S
20240206;101105;278.100000000;160;9541211926;B
20240206;101105;278.100000000;20;9541211969;B
20240206;101106;278.100000000;160;9541212027;B
20240206;101110;278.080000000;2000;9541212402;S
20240206;101110;278.100000000;20;9541212449;B
20240206;101111;278.100000000;10;9541212460;B
20240206;101112;278.090000000;20;9541212573;B
20240206;101113;278.080000000;10;9541212743;S
20240206;101113;278.080000000;10;9541212779;S
20240206;101115;278.080000000;50;9541212938;S
20240206;101117;278.080000000;100;9541213244;S
20240206;101117;278.090000000;30;9541213304;B
20240206;101118;278.090000000;170;9541213363;B
20240206;101118;278.080000000;300;9541213417;S
20240206;101119;278.090000000;150;9541213455;B
20240206;101119;278.090000000;130;9541213495;B
20240206;101119;278.090000000;40;9541213496;B
20240206;101119;278.090000000;610;9541213497;B
20240206;101119;278.080000000;60;9541213519;S
20240206;101120;278.080000000;1500;9541213545;S
20240206;101120;278.080000000;300;9541213546;S
20240206;101120;278.080000000;300;9541213597;S
20240206;101122;278.090000000;100;9541213834;B
20240206;101126;278.090000000;180;9541214385;B
20240206;101126;278.080000000;1500;9541214408;S
20240206;101126;278.080000000;900;9541214410;S
20240206;101127;278.080000000;500;9541214632;S
20240206;101127;278.090000000;150;9541214655;B
20240206;101128;278.090000000;100;9541214803;B
20240206;101128;278.080000000;500;9541214826;S
20240206;101129;278.090000000;10;9541214863;B
20240206;101130;278.080000000;6910;9541215008;S
20240206;101130;278.080000000;10;9541215009;S
20240206;101130;278.080000000;1700;9541215010;S
20240206;101130;278.070000000;1000;9541215011;S
20240206;101130;278.070000000;10;9541215012;S
20240206;101130;278.060000000;4630;9541215013;S
20240206;101130;278.060000000;60;9541215014;S
20240206;101130;278.060000000;5000;9541215015;S
20240206;101130;278.060000000;20;9541215016;S
20240206;101130;278.050000000;1000;9541215017;S
20240206;101130;278.050000000;40;9541215018;S
20240206;101130;278.050000000;460;9541215019;S
20240206;101130;278.050000000;350;9541215020;S
20240206;101130;278.060000000;30;9541215054;B
20240206;101130;278.060000000;10;9541215118;B
20240206;101131;278.050000000;100;9541215219;S
20240206;101133;278.050000000;90;9541215474;S
20240206;101133;278.050000000;10;9541215475;S
20240206;101134;278.060000000;460;9541215630;B
20240206;101134;278.060000000;870;9541215631;B
20240206;101134;278.070000000;500;9541215632;B
20240206;101134;278.080000000;440;9541215633;B
20240206;101134;278.050000000;100;9541215672;S
20240206;101134;278.080000000;640;9541215675;B
20240206;101134;278.080000000;360;9541215676;B
20240206;101134;278.090000000;450;9541215677;B
20240206;101134;278.090000000;1130;9541215678;B
20240206;101134;278.090000000;100;9541215679;B
20240206;101134;278.090000000;420;9541215680;B
20240206;101134;278.090000000;1160;9541215681;B
20240206;101134;278.090000000;250;9541215682;B
20240206;101134;278.100000000;560;9541215683;B
20240206;101134;278.110000000;560;9541215684;B
20240206;101134;278.110000000;750;9541215685;B
20240206;101134;278.110000000;400;9541215686;B
20240206;101134;278.110000000;300;9541215687;S
20240206;101136;278.110000000;160;9541215842;S
20240206;101136;278.070000000;340;9541215843;S
20240206;101136;278.090000000;10;9541215900;B
20240206;101139;278.090000000;20;9541216183;B
20240206;101140;278.090000000;10;9541216281;B
20240206;101142;278.080000000;10;9541216437;B
20240206;101142;278.080000000;160;9541216480;B
20240206;101143;278.080000000;10;9541216567;B
20240206;101144;278.080000000;20;9541216647;B
20240206;101144;278.080000000;90;9541216648;B
20240206;101144;278.080000000;230;9541216717;B
20240206;101148;278.080000000;140;9541217110;B
20240206;101148;278.100000000;20;9541217111;B
20240206;101149;278.090000000;390;9541217136;S
20240206;101149;278.090000000;10;9541217188;S
20240206;101149;278.090000000;130;9541217189;S
20240206;101149;278.100000000;540;9541217205;B
20240206;101150;278.100000000;240;9541217316;B
20240206;101150;278.110000000;210;9541217317;S
20240206;101153;278.150000000;20;9541217718;B
20240206;101153;278.150000000;10;9541217719;B
20240206;101154;278.160000000;370;9541217958;B
20240206;101155;278.160000000;10;9541218018;B
20240206;101156;278.160000000;10;9541218101;B
20240206;101156;278.160000000;170;9541218125;B
20240206;101156;278.170000000;560;9541218126;B
20240206;101156;278.170000000;10;9541218127;B
20240206;101156;278.170000000;1000;9541218128;B
20240206;101156;278.180000000;560;9541218129;B
20240206;101156;278.180000000;20;9541218130;B
20240206;101156;278.180000000;3000;9541218131;B
20240206;101156;278.180000000;10;9541218132;B
20240206;101156;278.190000000;3270;9541218133;B
20240206;101156;278.190000000;560;9541218134;B
20240206;101156;278.190000000;750;9541218135;B
20240206;101156;278.190000000;90;9541218136;B
20240206;101156;278.160000000;10;9541218227;S
20240206;101156;278.160000000;10;9541218229;S
20240206;101156;278.160000000;10;9541218231;S
20240206;101158;278.180000000;20;9541218316;B
20240206;101202;278.190000000;20;9541218890;B
20240206;101205;278.170000000;150;9541219284;S
20240206;101207;278.180000000;30;9541219612;B
20240206;101207;278.170000000;300;9541219645;S
20240206;101207;278.170000000;50;9541219646;S
20240206;101207;278.170000000;200;9541219647;S
20240206;101207;278.170000000;200;9541219648;S
20240206;101209;278.150000000;300;9541220032;S
20240206;101209;278.160000000;50;9541220048;B
20240206;101209;278.160000000;240;9541220049;B
20240206;101210;278.160000000;10;9541220072;B
20240206;101210;278.150000000;120;9541220084;B
20240206;101210;278.160000000;30;9541220085;B
20240206;101210;278.160000000;10;9541220116;B
20240206;101210;278.150000000;500;9541220161;S
20240206;101211;278.150000000;260;9541220218;S
20240206;101211;278.150000000;200;9541220229;S
20240206;101211;278.150000000;40;9541220300;S
20240206;101211;278.150000000;60;9541220301;S
20240206;101215;278.160000000;10;9541220741;B
20240206;101215;278.160000000;300;9541220742;B
20240206;101215;278.160000000;10;9541220743;B
20240206;101215;278.160000000;400;9541220744;B
20240206;101215;278.160000000;1000;9541220745;B
20240206;101215;278.160000000;3000;9541220746;B
20240206;101215;278.160000000;360;9541220747;B
20240206;101215;278.160000000;1080;9541220748;B
20240206;101215;278.160000000;360;9541220749;B
20240206;101215;278.180000000;560;9541220750;B
20240206;101215;278.180000000;1000;9541220751;B
20240206;101215;278.190000000;560;9541220752;B
20240206;101215;278.190000000;10;9541220753;B
20240206;101215;278.200000000;5540;9541220754;B
20240206;101215;278.200000000;4000;9541220755;B
20240206;101215;278.200000000;100;9541220756;B
