<DATE>;<TIME>;<LAST>;<VOL>;<ID>;<OPER>
20240318;095949;299.4;10;9870236995;S
20240318;095949;299.4;10;9870236996;B
20240318;095949;299.4;50;9870236997;S
20240318;095949;299.4;10;9870236998;S
20240318;095949;299.4;10;9870236999;S
20240318;095949;299.4;1800;9870237000;S
20240318;095949;299.4;60;9870237001;S
20240318;095949;299.4;10;9870237002;S
20240318;095949;299.4;20;9870237003;S
20240318;095949;299.4;1190;9870237004;S
20240318;095949;299.4;20;9870237005;S
20240318;095949;299.4;90;9870237006;S
20240318;095949;299.4;10;9870237007;S
20240318;095949;299.4;40;9870237008;S
20240318;095949;299.4;70;9870237009;S
20240318;095949;299.4;50;9870237010;S
20240318;095949;299.4;100;9870237011;S
20240318;095949;299.4;30;9870237012;S
20240318;095949;299.4;40;9870237013;S
20240318;095949;299.4;20;9870237014;S
20240318;095949;299.4;20;9870237015;S
20240318;095949;299.4;40;9870237016;S
20240318;095949;299.4;170;9870237017;S
20240318;095949;299.4;10;9870237018;S
20240318;095949;299.4;20;9870237019;S
20240318;095949;299.4;850;9870237020;S
20240318;095949;299.4;60;9870237021;S
20240318;095949;299.4;50;9870237022;S
20240318;095949;299.4;10;9870237023;S
20240318;095949;299.4;20;9870237024;S
20240318;095949;299.4;100;9870237025;S
20240318;095949;299.4;1690;9870237026;S
20240318;095949;299.4;10;9870237027;S
20240318;095949;299.4;20;9870237028;S
20240318;095949;299.4;10;9870237029;S
20240318;095949;299.4;10;9870237030;S
20240318;095949;299.4;10;9870237031;S
20240318;095949;299.4;10;9870237032;S
20240318;095949;299.4;10;9870237033;S
20240318;095949;299.4;10;9870237034;S
20240318;095949;299.4;10;9870237035;S
20240318;095949;299.4;10;9870237036;S
20240318;095949;299.4;70;9870237037;S
20240318;095949;299.4;10;9870237038;S
20240318;095949;299.4;20;9870237039;S
20240318;095949;299.4;10;9870237040;S
20240318;095949;299.4;20;9870237041;S
20240318;095949;299.4;70;9870237042;S
20240318;095949;299.4;10;9870237043;S
20240318;095949;299.4;80;9870237044;S
20240318;095949;299.4;70;9870237045;S
20240318;095949;299.4;10;9870237046;S
20240318;095949;299.4;10;9870237047;S
20240318;095949;299.4;160;9870237048;S
20240318;095949;299.4;10;9870237049;S
20240318;095949;299.4;280;9870237050;S
20240318;095949;299.4;10;9870237051;S
20240318;095949;299.4;60;9870237052;S
20240318;095949;299.4;100;9870237053;S
20240318;095949;299.4;100;9870237054;S
20240318;095949;299.4;40;9870237055;S
20240318;095949;299.4;10;9870237056;S
20240318;095949;299.4;940;9870237057;S
20240318;095949;299.4;30;9870237058;S
20240318;095949;299.4;10;9870237059;S
20240318;095949;299.4;10;9870237060;S
20240318;095949;299.4;10;9870237061;S
20240318;095949;299.4;60;9870237062;S
20240318;095949;299.4;1200;9870237063;S
20240318;095949;299.4;100;9870237064;S
20240318;095949;299.4;40;9870237065;S
20240318;095949;299.4;30;9870237066;S
20240318;095949;299.4;10;9870237067;S
20240318;095949;299.4;10;9870237068;B
20240318;095949;299.4;150;9870237069;B
20240318;095949;299.4;10;9870237070;B
20240318;095949;299.4;990;9870237071;B
20240318;095949;299.4;30;9870237072;B
20240318;095949;299.4;10;9870237073;B
20240318;095949;299.4;10;9870237074;B
20240318;095949;299.4;40;9870237075;B
20240318;095949;299.4;10;9870237076;B
20240318;095949;299.4;140;9870237077;B
20240318;095949;299.4;100;9870237078;B
20240318;095949;299.4;70;9870237079;B
20240318;095949;299.4;10;9870237080;B
20240318;095949;299.4;30;9870237081;B
20240318;095949;299.4;20;9870237082;B
20240318;095949;299.4;30;9870237083;B
20240318;095949;299.4;100;9870237084;S
20240318;095949;299.4;1220;9870237085;B
20240318;095949;299.4;210;9870237086;B
20240318;095949;299.4;930;9870237087;B
20240318;095949;299.4;770;9870237088;S
20240318;095949;299.4;10;9870237089;S
20240318;095949;299.4;60;9870237090;S
20240318;095949;299.4;30;9870237091;S
20240318;095949;299.4;180;9870237092;S
20240318;095949;299.4;290;9870237093;B
20240318;095949;299.4;140;9870237094;B
20240318;095949;299.4;160;9870237095;B
20240318;095949;299.4;10;9870237096;B
20240318;095949;299.4;10;9870237097;B
20240318;095949;299.4;50;9870237098;S
20240318;095949;299.4;770;9870237099;S
20240318;095949;299.4;330;9870237100;S
20240318;095949;299.4;20;9870237101;S
20240318;095949;299.4;100;9870237102;S
20240318;095949;299.4;10;9870237103;S
20240318;095949;299.4;300;9870237104;S
20240318;095949;299.4;50;9870237105;S
20240318;095949;299.4;30;9870237106;B
20240318;095949;299.4;350;9870237107;B
20240318;095949;299.4;10;9870237108;B
20240318;095949;299.4;10;9870237109;B
20240318;095949;299.4;250;9870237110;B
20240318;095949;299.4;30;9870237111;S
20240318;095949;299.4;110;9870237112;B
20240318;095949;299.4;10;9870237113;B
20240318;095949;299.4;10;9870237114;B
20240318;095949;299.4;40;9870237115;B
20240318;095949;299.4;10;9870237116;B
20240318;095949;299.4;10;9870237117;B
20240318;095949;299.4;10;9870237118;B
20240318;095949;299.4;60;9870237119;B
20240318;095949;299.4;10;9870237120;B
20240318;095949;299.4;720;9870237121;B
20240318;095949;299.4;10;9870237122;B
20240318;095949;299.4;20;9870237123;B
20240318;095949;299.4;10;9870237124;B
20240318;095949;299.4;20;9870237125;B
20240318;095949;299.4;10;9870237126;B
20240318;095949;299.4;10;9870237127;B
20240318;095949;299.4;10;9870237128;B
20240318;095949;299.4;10;9870237129;B
20240318;095949;299.4;10;9870237130;B
20240318;095949;299.4;10;9870237131;B
20240318;095949;299.4;10;9870237132;B
20240318;095949;299.4;10;9870237133;B
20240318;095949;299.4;10;9870237134;B
20240318;095949;299.4;100;9870237135;B
20240318;095949;299.4;10;9870237136;B
20240318;095949;299.4;70;9870237137;B
20240318;095949;299.4;20;9870237138;B
20240318;095949;299.4;10;9870237139;B
20240318;095949;299.4;260;9870237140;B
20240318;095949;299.4;10;9870237141;B
20240318;095949;299.4;340;9870237142;B
20240318;095949;299.4;10;9870237143;B
20240318;095949;299.4;10;9870237144;B
20240318;095949;299.4;70;9870237145;B
20240318;095949;299.4;50;9870237146;B
20240318;095949;299.4;10;9870237147;B
20240318;095949;299.4;120;9870237148;B
20240318;095949;299.4;50;9870237149;B
20240318;095949;299.4;90;9870237150;B
20240318;095949;299.4;10;9870237151;B
20240318;095949;299.4;10;9870237152;B
20240318;095949;299.4;780;9870237153;B
20240318;095949;299.4;220;9870237154;B
20240318;095949;299.4;20;9870237155;B
20240318;095949;299.4;10;9870237156;B
20240318;095949;299.4;100;9870237157;B
20240318;095949;299.4;110;9870237158;S
20240318;095949;299.4;100;9870237159;S
20240318;095949;299.4;190;9870237160;S
20240318;095949;299.4;50;9870237161;S
20240318;095949;299.4;10;9870237162;S
20240318;095949;299.4;70;9870237163;S
20240318;095949;299.4;10;9870237164;S
20240318;095949;299.4;30;9870237165;S
20240318;095949;299.4;1020;9870237166;S
20240318;095949;299.4;10;9870237167;S
20240318;095949;299.4;60;9870237168;S
20240318;095949;299.4;10;9870237169;S
20240318;095949;299.4;100;9870237170;S
20240318;095949;299.4;60;9870237171;S
20240318;095949;299.4;20;9870237172;S
20240318;095949;299.4;70;9870237173;S
20240318;095949;299.4;20;9870237174;S
20240318;095949;299.4;80;9870237175;S
20240318;095949;299.4;2500;9870237176;S
20240318;095949;299.4;550;9870237177;S
20240318;095949;299.4;20;9870237178;B
20240318;095949;299.4;30;9870237179;B
20240318;095949;299.4;10;9870237180;B
20240318;095949;299.4;40;9870237181;B
20240318;095949;299.4;10;9870237182;B
20240318;095949;299.4;40;9870237183;B
20240318;095949;299.4;20;9870237184;B
20240318;095949;299.4;20;9870237185;B
20240318;095949;299.4;20;9870237186;B
20240318;095949;299.4;2000;9870237187;B
20240318;095949;299.4;10;9870237188;B
20240318;095949;299.4;620;9870237189;S
20240318;095949;299.4;10;9870237190;S
20240318;095949;299.4;50;9870237191;S
20240318;095949;299.4;60;9870237192;S
20240318;095949;299.4;60;9870237193;B
20240318;095949;299.4;200;9870237194;B
20240318;095949;299.4;10;9870237195;S
20240318;095949;299.4;30;9870237196;B
20240318;095949;299.4;10;9870237197;B
20240318;095949;299.4;80;9870237198;B
20240318;095949;299.4;20;9870237199;B
20240318;095949;299.4;10;9870237200;B
20240318;095949;299.4;10;9870237201;B
20240318;095949;299.4;30;9870237202;B
20240318;095949;299.4;10;9870237203;B
20240318;095949;299.4;10;9870237204;B
20240318;095949;299.4;30;9870237205;B
20240318;095949;299.4;10;9870237206;B
20240318;095949;299.4;20;9870237207;B
20240318;095949;299.4;10;9870237208;B
20240318;095949;299.4;10;9870237209;B
20240318;095949;299.4;20;9870237210;B
20240318;095949;299.4;20;9870237211;B
20240318;095949;299.4;10;9870237212;B
20240318;095949;299.4;10;9870237213;B
20240318;095949;299.4;10;9870237214;B
20240318;095949;299.4;20;9870237215;B
20240318;095949;299.4;30;9870237216;B
20240318;095949;299.4;20;9870237217;B
20240318;095949;299.4;10;9870237218;B
20240318;095949;299.4;40;9870237219;B
20240318;095949;299.4;100;9870237220;B
20240318;095949;299.4;30;9870237221;B
20240318;095949;299.4;10;9870237222;B
20240318;095949;299.4;20;9870237223;B
20240318;095949;299.4;130;9870237224;B
20240318;095949;299.4;70;9870237225;B
20240318;095949;299.4;80;9870237226;B
20240318;095949;299.4;10;9870237227;B
20240318;095949;299.4;300;9870237228;B
20240318;095949;299.4;810;9870237229;B
20240318;095949;299.4;10;9870237230;B
20240318;095949;299.4;10;9870237231;B
20240318;095949;299.4;10;9870237232;B
20240318;095949;299.4;500;9870237233;B
20240318;095949;299.4;20;9870237234;B
20240318;095949;299.4;20;9870237235;B
20240318;095949;299.4;200;9870237236;B
20240318;095949;299.4;20;9870237237;B
20240318;095949;299.4;10;9870237238;B
20240318;095949;299.4;10;9870237239;B
20240318;095949;299.4;70;9870237240;B
20240318;095949;299.4;110;9870237241;B
20240318;095949;299.4;390;9870237242;B
20240318;095949;299.4;1350;9870237243;B
20240318;095949;299.4;30;9870237244;B
20240318;095949;299.4;20;9870237245;B
20240318;095949;299.4;370;9870237246;B
20240318;095949;299.4;420;9870237247;B
20240318;095949;299.4;200;9870237248;B
20240318;095949;299.4;30;9870237249;S
20240318;095949;299.4;340;9870237250;B
20240318;095949;299.4;10;9870237251;B
20240318;095949;299.4;1650;9870237252;B
20240318;095949;299.4;150;9870237253;B
20240318;095949;299.4;10;9870237254;B
20240318;095949;299.4;420;9870237255;B
20240318;095949;299.4;40;9870237256;B
20240318;095949;299.4;40;9870237257;B
20240318;095949;299.4;600;9870237258;B
20240318;095949;299.4;20;9870237259;B
20240318;095949;299.4;60;9870237260;S
20240318;095949;299.4;10;9870237261;B
20240318;095949;299.4;70;9870237262;B
20240318;095949;299.4;30;9870237263;B
20240318;095949;299.4;80;9870237264;B
20240318;095949;299.4;1000;9870237265;B
20240318;095949;299.4;70;9870237266;B
20240318;095949;299.4;30;9870237267;B
20240318;095949;299.4;320;9870237268;B
20240318;095949;299.4;290;9870237269;B
20240318;095949;299.4;10;9870237270;B
20240318;095949;299.4;1060;9870237271;B
20240318;095949;299.4;2540;9870237272;B
20240318;095949;299.4;20;9870237273;B
20240318;095949;299.4;10;9870237274;B
20240318;095949;299.4;10;9870237275;B
20240318;095949;299.4;1300;9870237276;B
20240318;095949;299.4;20;9870237277;S
20240318;095949;299.4;420;9870237278;B
20240318;095949;299.4;30;9870237279;B
20240318;095949;299.4;140;9870237280;S
20240318;095949;299.4;10;9870237281;S
20240318;095949;299.4;10;9870237282;B
20240318;095949;299.4;90;9870237283;B
20240318;095949;299.4;420;9870237284;B
20240318;095949;299.4;50;9870237285;B
20240318;095949;299.4;30;9870237286;B
20240318;095949;299.4;770;9870237287;S
20240318;095949;299.4;190;9870237288;B
20240318;095949;299.4;3320;9870237289;B
20240318;095949;299.4;550;9870237290;B
20240318;095949;299.4;50;9870237291;B
20240318;095949;299.4;40;9870237292;B
20240318;095949;299.4;10;9870237293;B
20240318;095949;299.4;1090;9870237294;B
20240318;095949;299.4;10;9870237295;B
20240318;095949;299.4;60;9870237296;B
20240318;095949;299.4;10;9870237297;B
20240318;095949;299.4;860;9870237298;B
20240318;095949;299.4;40;9870237299;S
20240318;095949;299.4;10;9870237300;B
20240318;095949;299.4;40;9870237301;S
20240318;095949;299.4;40;9870237302;S
20240318;095949;299.4;420;9870237303;B
20240318;095949;299.4;10;9870237304;B
20240318;095949;299.4;1650;9870237305;S
20240318;095949;299.4;50;9870237306;B
20240318;095949;299.4;10;9870237307;B
20240318;095949;299.4;20;9870237308;B
20240318;095949;299.4;10;9870237309;B
20240318;095949;299.4;20;9870237310;S
20240318;095949;299.4;320;9870237311;B
20240318;095949;299.4;180;9870237312;B
20240318;095949;299.4;150;9870237313;B
20240318;095949;299.4;1000;9870237314;S
20240318;095949;299.4;350;9870237315;S
20240318;095949;299.4;150;9870237316;B
20240318;095949;299.4;420;9870237317;B
20240318;095949;299.4;1430;9870237318;B
20240318;095949;299.4;3000;9870237319;B
20240318;095949;299.4;10;9870237320;S
20240318;095949;299.4;440;9870237321;B
20240318;095949;299.4;120;9870237322;B
20240318;095949;299.4;10;9870237323;B
20240318;095949;299.4;10;9870237324;S
20240318;095949;299.4;30;9870237325;B
20240318;095949;299.4;80;9870237326;B
20240318;095949;299.4;40;9870237327;B
20240318;095949;299.4;30;9870237328;B
20240318;095949;299.4;30;9870237329;B
20240318;095949;299.4;20;9870237330;S
20240318;095949;299.4;140;9870237331;B
20240318;095949;299.4;160;9870237332;B
20240318;095949;299.4;10;9870237333;B
20240318;095949;299.4;1490;9870237334;B
20240318;095949;299.4;10;9870237335;B
20240318;095949;299.4;400;9870237336;B
20240318;095949;299.4;10;9870237337;B
20240318;095949;299.4;10;9870237338;B
20240318;095949;299.4;80;9870237339;B
20240318;095949;299.4;320;9870237340;S
20240318;095949;299.4;500;9870237341;S
20240318;095949;299.4;140;9870237342;S
20240318;100000;299.41;420;9870240837;B
20240318;100000;299.41;20;9870240838;B
20240318;100000;299.41;10;9870240839;B
20240318;100000;299.41;400;9870240840;B
20240318;100000;299.41;610;9870240841;B
20240318;100000;299.41;540;9870240842;B
20240318;100000;299.41;460;9870240843;B
20240318;100000;299.41;1540;9870240912;S
20240318;100000;299.41;700;9870240913;S
20240318;100000;299.41;100;9870240914;S
20240318;100000;299.41;800;9870240915;S
20240318;100000;299.41;190;9870240916;S
20240318;100000;299.42;900;9870241383;S
20240318;100000;299.42;100;9870241437;S
20240318;100000;299.43;300;9870241604;B
20240318;100000;299.42;100;9870241630;S
20240318;100000;299.42;30;9870241709;S
20240318;100000;299.42;30;9870241720;S
20240318;100000;299.42;30;9870241721;S
20240318;100000;299.42;30;9870241749;S
20240318;100000;299.42;10;9870241781;S
20240318;100000;299.42;300;9870241831;S
20240318;100000;299.43;310;9870241995;B
20240318;100000;299.43;1370;9870241996;B
20240318;100000;299.43;630;9870242174;B
20240318;100000;299.43;370;9870242175;B
20240318;100000;299.43;240;9870242200;B
20240318;100000;299.43;2000;9870242201;B
20240318;100000;299.44;770;9870242218;B
20240318;100000;299.44;10;9870242219;B
20240318;100000;299.44;220;9870242220;B
20240318;100001;299.44;230;9870242603;B
20240318;100001;299.44;160;9870242672;B
20240318;100001;299.44;70;9870242673;B
20240318;100001;299.44;10;9870242679;B
20240318;100001;299.44;10;9870242723;B
20240318;100001;299.44;600;9870242746;B
20240318;100001;299.45;100;9870242747;B
20240318;100001;299.45;100;9870242750;B
20240318;100001;299.45;610;9870242751;B
20240318;100001;299.46;610;9870242752;B
20240318;100001;299.46;400;9870242756;S
20240318;100001;299.47;450;9870242757;B
20240318;100001;299.46;610;9870242760;S
20240318;100001;299.47;160;9870242830;B
20240318;100001;299.47;400;9870242831;B
20240318;100001;299.48;60;9870242832;B
20240318;100001;299.48;100;9870242833;B
20240318;100001;299.48;610;9870242834;B
20240318;100001;299.48;1010;9870242835;B
20240318;100001;299.48;340;9870242836;B
20240318;100001;299.48;1000;9870242837;B
20240318;100001;299.49;500;9870242838;B
20240318;100001;299.49;10;9870242839;B
20240318;100001;299.49;310;9870242840;B
20240318;100001;299.48;10;9870242906;B
20240318;100001;299.48;100;9870242944;B
20240318;100001;299.47;190;9870242946;S
20240318;100001;299.48;500;9870242960;B
20240318;100001;299.48;100;9870242981;B
20240318;100001;299.48;100;9870242985;B
20240318;100001;299.48;100;9870242986;B
20240318;100001;299.48;100;9870242987;B
20240318;100001;299.48;200;9870242993;B
20240318;100001;299.48;100;9870242995;B
20240318;100001;299.48;240;9870243003;B
20240318;100001;299.48;60;9870243004;B
20240318;100001;299.48;340;9870243005;B
20240318;100001;299.48;60;9870243013;B
20240318;100001;299.48;40;9870243014;B
20240318;100001;299.48;300;9870243015;B
20240318;100001;299.48;200;9870243016;B
20240318;100001;299.48;200;9870243023;B
20240318;100001;299.48;210;9870243024;B
20240318;100001;299.48;290;9870243025;B
20240318;100001;299.48;110;9870243028;B
20240318;100001;299.49;1500;9870243069;B
20240318;100001;299.48;90;9870243140;S
20240318;100001;299.48;60;9870243141;S
20240318;100001;299.48;20;9870243160;S
20240318;100001;299.49;10;9870243182;B
20240318;100001;299.49;1000;9870243185;B
20240318;100001;299.49;1510;9870243203;B
20240318;100001;299.49;4990;9870243231;B
20240318;100001;299.48;20;9870243252;S
20240318;100001;299.48;100;9870243253;S
20240318;100001;299.48;470;9870243254;S
20240318;100001;299.48;100;9870243255;S
20240318;100001;299.48;110;9870243256;S
20240318;100001;299.48;400;9870243281;S
20240318;100001;299.49;3070;9870243310;B
20240318;100001;299.49;30;9870243311;B
20240318;100001;299.49;580;9870243312;B
20240318;100001;299.49;30;9870243332;B
20240318;100001;299.49;170;9870243333;B
20240318;100001;299.49;1010;9870243387;B
20240318;100001;299.49;610;9870243388;B
20240318;100001;299.49;400;9870243389;B
20240318;100001;299.49;340;9870243390;B
20240318;100001;299.49;200;9870243415;S
20240318;100001;299.5;10;9870243416;B
20240318;100001;299.5;500;9870243417;B
20240318;100001;299.5;130;9870243418;B
20240318;100001;299.5;50;9870243419;B
20240318;100001;299.5;30;9870243420;B
20240318;100001;299.5;50;9870243421;B
20240318;100001;299.5;100;9870243422;B
20240318;100001;299.5;430;9870243423;B
20240318;100001;299.49;10;9870243433;S
20240318;100001;299.49;100;9870243489;S
20240318;100001;299.5;150;9870243575;B
20240318;100001;299.5;1980;9870243610;B
20240318;100001;299.5;100;9870243611;B
20240318;100001;299.5;50;9870243612;B
20240318;100001;299.5;20;9870243613;B
20240318;100001;299.5;10;9870243614;B
20240318;100001;299.5;1390;9870243615;B
20240318;100001;299.49;10;9870243621;S
20240318;100001;299.49;800;9870243625;S
20240318;100001;299.49;200;9870243633;S
20240318;100001;299.49;100;9870243652;S
20240318;100001;299.49;770;9870243662;S
20240318;100001;299.49;200;9870243663;S
20240318;100001;299.49;30;9870243664;S
20240318;100001;299.5;900;9870243665;B
20240318;100001;299.5;4550;9870243671;B
20240318;100001;299.49;10;9870243676;S
20240318;100001;299.49;800;9870243677;S
20240318;100001;299.49;100;9870243684;S
20240318;100001;299.5;3160;9870243685;B
20240318;100001;299.5;600;9870243686;B
20240318;100001;299.5;550;9870243687;B
20240318;100001;299.5;100;9870243688;B
20240318;100001;299.5;100;9870243689;B
20240318;100001;299.5;40;9870243690;B
20240318;100001;299.49;60;9870243702;S
20240318;100001;299.49;640;9870243703;S
20240318;100001;299.5;10;9870243704;B
20240318;100001;299.5;10;9870243705;B
20240318;100001;299.5;4530;9870243706;B
20240318;100001;299.49;100;9870243712;S
20240318;100001;299.5;4550;9870243713;B
20240318;100001;299.5;150;9870243721;B
20240318;100001;299.5;4550;9870243727;B
20240318;100001;299.49;60;9870243732;S
20240318;100001;299.49;40;9870243733;S
20240318;100001;299.49;300;9870243735;S
20240318;100001;299.49;60;9870243736;S
20240318;100001;299.48;40;9870243737;S
20240318;100001;299.49;610;9870243786;B
20240318;100001;299.49;30;9870243787;B
20240318;100001;299.48;50;9870243815;S
20240318;100001;299.48;10;9870243869;S
20240318;100001;299.48;10;9870243878;S
20240318;100001;299.48;180;9870243882;S
20240318;100001;299.48;20;9870243883;S
20240318;100001;299.48;100;9870243951;S
20240318;100001;299.49;10;9870243960;B
20240318;100001;299.48;80;9870243981;S
20240318;100001;299.47;40;9870244003;S
20240318;100001;299.47;20;9870244084;S
20240318;100001;299.48;20;9870244086;B
20240318;100001;299.48;30;9870244087;B
20240318;100001;299.47;140;9870244100;S
20240318;100001;299.47;50;9870244108;S
20240318;100001;299.48;400;9870244153;B
20240318;100001;299.48;400;9870244189;S
20240318;100002;299.47;100;9870244236;B
20240318;100002;299.49;10;9870244250;B
20240318;100002;299.49;100;9870244251;B
20240318;100002;299.49;460;9870244254;B
20240318;100002;299.47;10;9870244316;S
20240318;100002;299.48;10;9870244336;B
20240318;100002;299.49;10;9870244339;B
20240318;100002;299.49;100;9870244350;B
20240318;100002;299.48;10;9870244409;S
20240318;100002;299.49;230;9870244413;B
20240318;100002;299.49;1010;9870244414;B
20240318;100002;299.5;1400;9870244415;B
20240318;100002;299.5;220;9870244416;B
20240318;100002;299.49;170;9870244446;S
20240318;100002;299.49;200;9870244472;S
20240318;100002;299.49;1000;9870244504;S
20240318;100002;299.49;30;9870244565;S
20240318;100002;299.49;1390;9870244566;S
20240318;100002;299.5;780;9870244576;B
20240318;100002;299.5;500;9870244577;B
20240318;100002;299.5;10;9870244578;B
20240318;100002;299.5;30;9870244579;B
20240318;100002;299.5;10;9870244580;B
20240318;100002;299.5;610;9870244581;B
20240318;100002;299.5;60;9870244582;B
20240318;100002;299.5;10;9870244583;B
20240318;100002;299.51;420;9870244584;B
20240318;100002;299.51;530;9870244585;B
20240318;100002;299.5;150;9870244594;S
20240318;100002;299.5;850;9870244595;B
20240318;100002;299.5;100;9870244628;S
20240318;100002;299.52;160;9870244637;B
20240318;100002;299.51;200;9870244649;B
20240318;100002;299.51;400;9870244655;S
20240318;100002;299.51;10;9870244714;B
20240318;100002;299.48;10;9870244794;S
20240318;100002;299.5;10;9870244931;B
20240318;100002;299.5;90;9870244935;B
20240318;100002;299.5;400;9870244936;B
20240318;100002;299.51;120;9870244937;B
20240318;100002;299.51;210;9870244941;B
20240318;100002;299.51;290;9870244942;B
20240318;100002;299.51;100;9870244945;B
20240318;100002;299.49;100;9870245032;B
20240318;100002;299.5;300;9870245041;S
20240318;100002;299.5;300;9870245042;S
20240318;100002;299.51;620;9870245045;B
20240318;100002;299.51;340;9870245046;B
20240318;100002;299.52;40;9870245047;B
20240318;100002;299.52;610;9870245048;B
20240318;100002;299.53;330;9870245049;B
20240318;100002;299.53;610;9870245050;B
20240318;100002;299.54;1670;9870245051;B
20240318;100002;299.54;50;9870245052;B
20240318;100002;299.54;600;9870245053;B
20240318;100002;299.54;610;9870245054;B
20240318;100002;299.54;400;9870245055;B
20240318;100002;299.55;180;9870245056;B
20240318;100002;299.55;150;9870245057;B
20240318;100002;299.55;610;9870245058;B
20240318;100002;299.56;610;9870245059;B
20240318;100002;299.57;610;9870245060;B
20240318;100002;299.58;3460;9870245061;B
20240318;100002;299.58;10;9870245062;B
20240318;100002;299.57;600;9870245071;B
20240318;100002;299.57;10;9870245072;B
20240318;100002;299.57;400;9870245074;S
20240318;100002;299.58;70;9870245094;B
20240318;100002;299.58;2000;9870245116;B
20240318;100002;299.57;200;9870245213;S
20240318;100002;299.58;1290;9870245268;B
20240318;100002;299.58;80;9870245269;B
20240318;100002;299.58;610;9870245270;B
20240318;100002;299.58;1010;9870245271;B
20240318;100002;299.59;10000;9870245272;B
20240318;100002;299.59;600;9870245273;B
20240318;100002;299.59;610;9870245274;B
20240318;100002;299.6;10;9870245275;B
20240318;100002;299.6;150;9870245276;B
20240318;100002;299.6;40;9870245277;B
20240318;100002;299.6;10;9870245278;B
20240318;100002;299.6;610;9870245279;B
20240318;100002;299.61;420;9870245280;B
20240318;100002;299.61;560;9870245281;B
20240318;100002;299.58;90;9870245283;B
20240318;100002;299.54;10;9870245300;S
20240318;100002;299.54;30;9870245302;S
20240318;100002;299.54;200;9870245306;S
20240318;100002;299.54;160;9870245308;S
20240318;100002;299.53;340;9870245309;S
20240318;100002;299.52;610;9870245310;S
20240318;100002;299.51;610;9870245311;S
20240318;100002;299.5;610;9870245312;S
20240318;100002;299.49;610;9870245313;S
20240318;100002;299.48;40;9870245314;S
20240318;100002;299.48;50;9870245315;S
20240318;100002;299.48;610;9870245316;S
20240318;100002;299.47;610;9870245317;S
20240318;100002;299.46;10;9870245318;S
20240318;100002;299.46;610;9870245319;S
20240318;100002;299.45;610;9870245320;S
20240318;100002;299.44;610;9870245321;S
20240318;100002;299.43;610;9870245322;S
20240318;100002;299.42;1000;9870245323;S
20240318;100002;299.41;130;9870245324;S
20240318;100002;299.41;1000;9870245325;S
20240318;100002;299.4;1540;9870245326;S
20240318;100002;299.4;1500;9870245327;S
20240318;100002;299.4;10;9870245328;S
20240318;100002;299.4;80;9870245329;S
20240318;100002;299.4;10;9870245330;S
20240318;100002;299.4;2000;9870245331;S
20240318;100002;299.34;2000;9870245332;S
20240318;100002;299.32;10;9870245333;S
20240318;100002;299.27;20;9870245334;S
20240318;100002;299.12;1510;9870245335;S
20240318;100002;299.12;1180;9870245336;S
20240318;100002;299.12;340;9870245337;S
20240318;100002;299.12;1010;9870245338;S
20240318;100002;299.11;3000;9870245339;S
20240318;100002;299.08;100;9870245340;S
20240318;100002;299.08;3000;9870245341;S
20240318;100002;299.07;7000;9870245342;S
20240318;100002;299.07;150;9870245343;S
20240318;100002;299.06;200;9870245344;S
20240318;100002;299.04;100;9870245345;S
20240318;100002;299.02;50;9870245346;S
20240318;100002;299;300;9870245347;S
20240318;100002;299;10;9870245348;S
20240318;100002;299;200;9870245349;S
20240318;100002;299;1000;9870245350;S
20240318;100002;299;40;9870245351;S
20240318;100002;299;50;9870245352;S
20240318;100002;299;1000;9870245353;S
20240318;100002;299;1330;9870245354;S
20240318;100002;299;10;9870245355;S
20240318;100002;299;40;9870245356;S
20240318;100002;299;500;9870245357;S
20240318;100002;299;200;9870245358;S
20240318;100002;299;70;9870245359;S
20240318;100002;299;10000;9870245360;S
20240318;100002;299;10;9870245361;S
20240318;100002;299;1000;9870245362;S
20240318;100002;299;600;9870245363;S
20240318;100002;299.15;340;9870245397;S
20240318;100002;299.15;400;9870245398;S
20240318;100002;299.15;260;9870245399;S
20240318;100002;299.5;20;9870245404;B
20240318;100002;299.5;70;9870245407;B
20240318;100002;299.43;10;9870245411;S
20240318;100002;299.41;40;9870245426;S
20240318;100002;299.19;30;9870245443;S
20240318;100002;299.46;170;9870245452;B
20240318;100003;299.43;10;9870245509;B
20240318;100003;299.43;200;9870245521;B
20240318;100003;299.45;1010;9870245537;B
20240318;100003;299.46;1000;9870245538;B
20240318;100003;299.49;340;9870245539;B
20240318;100003;299.49;400;9870245540;B
20240318;100003;299.51;3020;9870245541;B
20240318;100003;299.52;610;9870245542;B
20240318;100003;299.52;2000;9870245543;B
20240318;100003;299.53;610;9870245544;B
20240318;100003;299.54;610;9870245545;B
20240318;100003;299.55;610;9870245546;B
20240318;100003;299.56;610;9870245547;B
20240318;100003;299.57;610;9870245548;B
20240318;100003;299.58;610;9870245549;B
20240318;100003;299.59;610;9870245550;B
20240318;100003;299.6;610;9870245551;B
20240318;100003;299.61;2000;9870245552;B
20240318;100003;299.61;610;9870245553;B
20240318;100003;299.62;200;9870245554;B
20240318;100003;299.64;330;9870245555;B
20240318;100003;299.64;20;9870245556;B
20240318;100003;299.64;600;9870245557;B
20240318;100003;299.65;1670;9870245558;B
20240318;100003;299.65;10;9870245559;B
20240318;100003;299.65;1300;9870245560;B
20240318;100003;299.66;400;9870245561;B
20240318;100003;299.67;150;9870245562;B
20240318;100003;299.67;15000;9870245563;B
20240318;100003;299.68;330;9870245564;B
20240318;100003;299.68;60;9870245565;B
20240318;100003;299.68;11720;9870245566;B
20240318;100003;299.68;20;9870245567;B
20240318;100003;299.68;20000;9870245568;B
20240318;100003;299.69;1670;9870245569;B
20240318;100003;299.69;600;9870245570;B
20240318;100003;299.69;50;9870245571;B
20240318;100003;299.58;10;9870245618;B
20240318;100003;299.42;100;9870245621;S
20240318;100003;299.43;30;9870245627;S
20240318;100003;299.51;200;9870245679;B
20240318;100003;299.51;200;9870245680;S
20240318;100003;299.35;400;9870245711;S
20240318;100003;299.35;200;9870245712;S
20240318;100003;299.43;30;9870245812;S
20240318;100003;299.5;100;9870245841;B
20240318;100003;299.43;50;9870245900;S
20240318;100003;299.41;30;9870245989;S
20240318;100003;299.4;30;9870246088;S
20240318;100003;299.48;600;9870246091;B
20240318;100003;299.35;10;9870246092;S
20240318;100003;299.47;20;9870246103;B
20240318;100003;299.47;50;9870246114;B
20240318;100003;299.43;30;9870246115;S
20240318;100003;299.49;20;9870246121;B
20240318;100003;299.47;100;9870246143;S
20240318;100004;299.48;1000;9870246224;B
20240318;100004;299.5;1010;9870246225;B
20240318;100004;299.53;340;9870246226;B
20240318;100004;299.53;400;9870246227;B
20240318;100004;299.54;2000;9870246228;B
20240318;100004;299.59;610;9870246229;B
20240318;100004;299.59;2360;9870246230;B
20240318;100004;299.6;870;9870246231;B
20240318;100004;299.6;610;9870246232;B
20240318;100004;299.61;610;9870246233;B
20240318;100004;299.62;190;9870246234;B
20240318;100004;299.48;20;9870246256;B
20240318;100004;299.48;700;9870246272;B
20240318;100004;299.48;300;9870246281;B
20240318;100004;299.48;230;9870246296;B
20240318;100004;299.5;100;9870246297;B
20240318;100004;299.53;1010;9870246298;B
20240318;100004;299.54;1960;9870246299;B
20240318;100004;299.49;20;9870246436;S
20240318;100004;299.5;10;9870246457;B
20240318;100004;299.58;10;9870246462;B
20240318;100004;299.58;1990;9870246464;B
20240318;100004;299.6;300;9870246471;B
20240318;100004;299.6;610;9870246472;B
20240318;100004;299.6;1090;9870246473;B
20240318;100004;299.59;1010;9870246475;B
20240318;100004;299.59;400;9870246476;B
20240318;100004;299.61;10;9870246485;B
20240318;100004;299.61;10;9870246570;B
20240318;100004;299.6;50;9870246622;S
20240318;100004;299.61;200;9870246637;B
20240318;100004;299.6;100;9870246679;S
20240318;100004;299.61;70;9870246705;B
20240318;100004;299.6;10;9870246738;S
20240318;100004;299.61;10;9870246758;B
20240318;100004;299.61;320;9870246782;B
20240318;100004;299.61;180;9870246783;B
20240318;100004;299.6;10;9870246859;S
20240318;100004;299.61;40;9870246949;B
20240318;100004;299.61;40;9870246956;B
20240318;100004;299.61;100;9870246957;B
20240318;100004;299.61;50;9870246995;B
20240318;100004;299.61;420;9870247031;B
20240318;100005;299.6;10;9870247069;S
20240318;100005;299.37;100;9870247072;S
20240318;100005;299.4;200;9870247077;S
20240318;100005;299.41;300;9870247080;S
20240318;100005;299.32;50;9870247128;S
20240318;100005;299.5;10;9870247200;B
20240318;100005;299.45;120;9870247340;S
20240318;100005;299.45;10;9870247466;S
20240318;100005;299.43;150;9870247653;S
20240318;100005;299.44;20;9870247655;S
20240318;100005;299.44;10;9870247656;S
20240318;100005;299.38;10;9870247661;S
20240318;100005;299.5;10;9870247664;B
20240318;100005;299.4;20;9870247666;S
20240318;100005;299.42;10;9870247667;S
20240318;100005;299.5;280;9870247669;B
20240318;100005;299.5;250;9870247670;B
20240318;100005;299.5;30;9870247671;B
20240318;100005;299.52;10;9870247672;B
20240318;100005;299.57;40;9870247673;B
20240318;100005;299.38;20;9870247675;S
20240318;100005;299.59;100;9870247716;B
20240318;100006;299.48;20;9870247969;S
20240318;100006;299.5;100;9870248172;S
20240318;100006;299.57;200;9870248232;B
20240318;100006;299.55;310;9870248499;B
20240318;100006;299.55;50;9870248637;B
20240318;100006;299.6;10;9870248698;B
20240318;100006;299.6;10;9870248699;B
20240318;100006;299.52;400;9870248700;S
20240318;100006;299.51;10;9870248701;S
20240318;100006;299.6;990;9870248783;B
20240318;100006;299.61;610;9870248784;B
20240318;100006;299.61;400;9870248785;B
20240318;100006;299.62;610;9870248786;B
20240318;100006;299.62;200;9870248787;B
20240318;100006;299.63;610;9870248788;B
20240318;100006;299.64;610;9870248789;B
20240318;100006;299.64;10;9870248790;B
20240318;100006;299.65;610;9870248791;B
20240318;100006;299.65;10;9870248792;B
20240318;100006;299.65;10;9870248793;B
20240318;100006;299.66;330;9870248794;B
20240318;100006;299.64;1010;9870248868;B
20240318;100006;299.64;100;9870248896;S
20240318;100006;299.64;590;9870248902;S
20240318;100006;299.63;400;9870248906;B
20240318;100006;299.64;10;9870248907;B
20240318;100006;299.63;290;9870248923;B
20240318;100006;299.65;250;9870248924;B
20240318;100006;299.65;1000;9870248925;B
20240318;100006;299.65;600;9870248929;S
20240318;100006;299.68;20;9870249309;S
20240318;100006;299.59;1980;9870249319;S
20240318;100006;299.59;2000;9870249321;S
20240318;100006;299.56;10;9870249332;B
20240318;100006;299.56;290;9870249382;B
20240318;100006;299.52;50;9870249421;S
20240318;100006;299.56;10;9870249448;B
20240318;100006;299.56;10;9870249450;B
20240318;100006;299.52;10;9870249452;S
20240318;100006;299.56;10;9870249455;B
20240318;100006;299.56;10;9870249459;B
20240318;100006;299.56;10;9870249463;B
20240318;100006;299.54;400;9870249466;S
20240318;100006;299.54;130;9870249467;S
20240318;100006;299.55;40;9870249469;S
20240318;100006;299.56;10;9870249479;B
20240318;100006;299.56;50;9870249485;B
20240318;100006;299.55;10;9870250039;S
20240318;100006;299.55;70;9870250040;S
20240318;100007;299.52;200;9870250705;S
20240318;100007;299.52;190;9870251143;S
20240318;100007;299.56;10;9870251239;B
20240318;100007;299.56;10;9870251313;B
20240318;100007;299.56;10;9870251325;B
20240318;100007;299.52;10;9870251333;S
20240318;100007;299.52;20;9870251345;S
20240318;100007;299.56;10;9870251348;B
20240318;100007;299.56;30;9870251371;B
20240318;100007;299.56;10;9870251372;B
20240318;100007;299.56;10;9870251377;B
20240318;100007;299.52;10;9870251381;S
20240318;100007;299.52;10;9870251388;S
20240318;100007;299.56;10;9870251391;B
20240318;100007;299.52;70;9870251396;S
20240318;100007;299.52;10;9870251398;S
20240318;100007;299.56;10;9870251409;B
20240318;100007;299.56;10;9870251414;B
20240318;100007;299.52;10;9870251419;S
20240318;100007;299.52;20;9870251423;S
20240318;100007;299.52;80;9870251424;S
20240318;100007;299.56;20;9870251433;B
20240318;100007;299.56;450;9870251438;B
20240318;100007;299.56;1000;9870251439;B
20240318;100007;299.58;400;9870251440;B
20240318;100007;299.61;20;9870251441;B
20240318;100007;299.52;10;9870251573;S
20240318;100007;299.52;10;9870251587;S
20240318;100007;299.61;10;9870251593;B
20240318;100007;299.61;10;9870251604;B
20240318;100007;299.52;20;9870251606;S
20240318;100007;299.52;20;9870251613;S
20240318;100007;299.61;10;9870251818;B
20240318;100007;299.52;70;9870251821;S
20240318;100007;299.52;10;9870252014;S
20240318;100007;299.55;10;9870252395;B
20240318;100007;299.59;30;9870252396;B
20240318;100007;299.57;10;9870252610;B
20240318;100007;299.57;10;9870252612;B
20240318;100007;299.57;10;9870252613;B
20240318;100007;299.57;10;9870252614;B
20240318;100007;299.57;10;9870252615;B
20240318;100007;299.52;10;9870252616;S
20240318;100007;299.57;10;9870252617;B
20240318;100007;299.52;60;9870252620;S
20240318;100007;299.57;10;9870252622;B
20240318;100007;299.57;10;9870252623;B
20240318;100007;299.57;180;9870252624;B
20240318;100007;299.52;540;9870252810;S
20240318;100007;299.52;400;9870252811;S
20240318;100007;299.51;190;9870252812;S
20240318;100007;299.51;370;9870252813;S
20240318;100007;299.51;240;9870252814;S
20240318;100007;299.5;610;9870252815;S
20240318;100007;299.49;200;9870252816;S
20240318;100007;299.49;610;9870252817;S
20240318;100007;299.49;200;9870252818;S
20240318;100007;299.48;590;9870252819;S
20240318;100007;299.47;100;9870252820;S
20240318;100007;299.47;610;9870252821;S
20240318;100007;299.46;610;9870252822;S
20240318;100007;299.45;610;9870252823;S
20240318;100007;299.44;610;9870252824;S
20240318;100007;299.43;610;9870252825;S
20240318;100007;299.41;2000;9870252826;S
20240318;100007;299.36;1000;9870252827;S
20240318;100007;299.34;2000;9870252828;S
20240318;100007;299.3;500;9870252829;S
20240318;100007;299.22;3000;9870252830;S
20240318;100007;299.08;2360;9870252831;S
20240318;100007;299.08;340;9870252832;S
20240318;100007;299.07;3210;9870252833;S
20240318;100007;299.07;10;9870252834;S
20240318;100007;299.57;10;9870252836;B
20240318;100007;299.57;50;9870252837;B
20240318;100007;299.56;10;9870252843;B
20240318;100007;299.08;10;9870252844;S
20240318;100007;299.09;70;9870252846;S
20240318;100007;299.55;10;9870252848;B
20240318;100007;299.55;10;9870252849;B
20240318;100007;299.54;10;9870252851;B
20240318;100007;299.54;10;9870252852;B
20240318;100007;299.48;340;9870252950;B
20240318;100007;299.48;400;9870252951;B
20240318;100007;299.49;1000;9870252952;B
20240318;100007;299.52;1610;9870252953;B
20240318;100007;299.23;10;9870253090;S
20240318;100007;299.23;10;9870253091;S
20240318;100007;299.23;30;9870253092;S
20240318;100007;299.23;20;9870253093;S
20240318;100007;299.48;10;9870253094;B
20240318;100007;299.5;10;9870253097;B
20240318;100007;299.5;10;9870253098;B
20240318;100007;299.5;10;9870253099;B
20240318;100007;299.5;140;9870253100;B
20240318;100007;299.5;10;9870253433;B
20240318;100008;299.5;330;9870253776;B
20240318;100008;299.58;340;9870253795;B
20240318;100008;299.59;610;9870253796;B
20240318;100008;299.59;720;9870253797;B
20240318;100008;299.51;400;9870253798;S
20240318;100008;299.51;100;9870253841;S
20240318;100008;299.51;100;9870253851;S
20240318;100008;299.47;400;9870253914;S
20240318;100008;299.53;70;9870253949;B
20240318;100008;299.54;160;9870253950;B
20240318;100008;299.54;1270;9870253951;B
20240318;100008;299.55;610;9870253952;B
20240318;100008;299.56;610;9870253953;B
20240318;100008;299.56;340;9870253954;B
20240318;100008;299.59;10;9870254069;B
20240318;100008;299.59;10;9870254070;B
20240318;100008;299.59;50;9870254072;B
20240318;100008;299.35;20;9870254075;S
20240318;100008;299.59;10;9870254076;B
20240318;100008;299.59;10;9870254079;B
20240318;100008;299.35;50;9870254081;S
20240318;100008;299.35;70;9870254082;S
20240318;100008;299.35;10;9870254085;S
20240318;100008;299.45;30;9870254088;S
20240318;100008;299.45;10;9870254091;S
20240318;100008;299.59;10;9870254094;B
20240318;100008;299.59;30;9870254727;B
20240318;100008;299.55;40;9870254744;S
20240318;100008;299.59;10;9870254760;B
20240318;100008;299.55;10;9870254772;S
20240318;100008;299.59;260;9870254798;B
20240318;100008;299.59;20;9870254800;S
20240318;100008;299.59;10;9870254806;S
20240318;100008;299.59;10;9870254818;S
20240318;100008;299.6;10;9870255077;B
20240318;100008;299.59;10;9870255088;S
20240318;100008;299.6;10;9870255300;B
20240318;100008;299.6;10;9870255301;B
20240318;100008;299.59;10;9870255302;S
20240318;100008;299.59;10;9870255306;S
20240318;100008;299.6;10;9870255307;B
20240318;100008;299.59;10;9870255308;S
20240318;100008;299.6;10;9870255309;B
20240318;100008;299.59;10;9870255311;S
20240318;100008;299.59;90;9870255312;S
20240318;100008;299.6;100;9870255313;B
20240318;100008;299.59;10;9870255314;S
20240318;100008;299.59;10;9870255318;S
20240318;100008;299.59;30;9870255512;S
20240318;100008;299.6;600;9870255514;B
20240318;100008;299.6;1210;9870255524;S
20240318;100008;299.66;610;9870255527;B
20240318;100008;299.66;200;9870255528;B
20240318;100008;299.66;700;9870255530;B
20240318;100008;299.66;190;9870255532;B
20240318;100008;299.54;10;9870255575;S
20240318;100008;299.66;10;9870255578;B
20240318;100008;299.66;10;9870255579;B
20240318;100008;299.66;40;9870255581;B
20240318;100008;299.54;10;9870255584;S
20240318;100008;299.66;10;9870255585;B
20240318;100008;299.66;10;9870255586;B
20240318;100008;299.54;30;9870255587;S
20240318;100008;299.66;10;9870255589;B
20240318;100008;299.54;3610;9870255590;S
20240318;100008;299.52;610;9870255591;S
20240318;100008;299.52;280;9870255592;S
20240318;100009;299.62;10;9870256834;B
20240318;100009;299.62;10;9870256835;B
20240318;100009;299.51;10;9870256836;S
20240318;100009;299.62;380;9870256885;B
20240318;100009;299.62;610;9870256886;B
20240318;100009;299.62;2000;9870256887;B
20240318;100009;299.62;1000;9870256888;B
20240318;100009;299.63;10;9870256889;B
20240318;100009;299.51;20;9870257092;S
20240318;100009;299.5;110;9870257093;S
20240318;100009;299.62;10;9870257095;B
20240318;100009;299.21;10;9870257097;S
20240318;100009;299.6;20;9870257102;B
20240318;100009;299.58;10;9870257105;B
20240318;100009;299.27;20;9870257111;S
20240318;100009;299.58;10;9870257117;B
20240318;100009;299.31;10;9870257123;S
20240318;100009;299.35;10;9870257130;S
20240318;100009;299.37;20;9870257150;S
20240318;100009;299.37;10;9870257157;S
20240318;100009;299.53;400;9870257190;B
20240318;100009;299.53;1600;9870257194;S
20240318;100009;299.53;2000;9870257329;B
20240318;100009;299.53;340;9870257339;B
20240318;100009;299.65;60;9870257349;S
20240318;100009;299.37;610;9870257356;S
20240318;100009;299.37;290;9870257357;B
20240318;100009;299.66;610;9870257516;B
20240318;100009;299.66;2000;9870257517;B
20240318;100009;299.66;400;9870257518;B
20240318;100009;299.66;1000;9870257519;B
20240318;100009;299.66;200;9870257520;B
20240318;100009;299.67;10;9870257521;B
20240318;100009;299.67;10;9870257522;B
20240318;100009;299.67;610;9870257523;B
20240318;100009;299.68;150;9870257524;B
20240318;100009;299.69;610;9870257643;B
20240318;100009;299.7;10;9870257644;B
20240318;100009;299.7;2380;9870257645;B
20240318;100009;299.69;610;9870257683;B
20240318;100009;299.69;890;9870257684;B
20240318;100009;299.44;10;9870258086;S
20240318;100009;299.69;10;9870258180;B
20240318;100009;299.45;10;9870258188;S
20240318;100009;299.69;300;9870258196;B
20240318;100009;299.2;10;9870258201;S
20240318;100009;299.69;60;9870258209;B
20240318;100009;299.69;10;9870258218;B
20240318;100009;299.44;30;9870258229;S
20240318;100009;299.69;40;9870258244;B
20240318;100009;299.69;10;9870258250;B
20240318;100009;299.47;10;9870258267;S
20240318;100009;299.69;10;9870258271;B
20240318;100009;299.69;50;9870258273;B
20240318;100009;299.49;20;9870258276;S
20240318;100009;299.69;10;9870258292;B
20240318;100009;299.22;30;9870258297;S
20240318;100009;299.69;10;9870258304;B
20240318;100009;299.48;50;9870258312;S
20240318;100010;299.69;100;9870258444;B
20240318;100010;299.69;30;9870258445;B
20240318;100010;299.7;1620;9870258446;B
20240318;100010;299.7;1000;9870258447;B
20240318;100010;299.7;700;9870258448;B
20240318;100010;299.7;4550;9870258449;B
20240318;100010;299.52;600;9870258634;S
20240318;100010;299.69;100;9870258666;B
20240318;100010;299.69;250;9870258674;B
20240318;100010;299.69;10;9870258675;B
20240318;100010;299.69;160;9870258683;B
20240318;100010;299.69;60;9870258695;B
20240318;100010;299.69;10;9870258697;B
20240318;100010;299.69;10;9870258725;B
20240318;100010;299.69;10;9870258735;B
20240318;100010;299.69;60;9870258743;B
20240318;100010;299.46;10;9870258765;S
20240318;100010;299.69;10;9870258771;B
20240318;100010;299.69;10;9870258778;B
20240318;100010;299.5;30;9870258805;S
20240318;100010;299.69;80;9870258986;B
20240318;100010;299.69;30;9870259032;B
20240318;100010;299.46;10;9870259077;S
20240318;100010;299.46;10;9870259082;S
20240318;100010;299.69;10;9870259091;B
20240318;100010;299.48;30;9870259093;S
20240318;100010;299.69;10;9870259101;B
20240318;100010;299.69;20;9870259116;B
20240318;100010;299.69;10;9870259122;B
20240318;100010;299.47;90;9870259127;S
20240318;100010;299.69;30;9870259133;B
20240318;100010;299.69;340;9870259140;B
20240318;100010;299.7;660;9870259141;B
20240318;100010;299.58;10;9870259354;B
20240318;100010;299.68;10;9870259361;B
20240318;100010;299.67;50;9870259364;B
20240318;100010;299.67;10;9870259369;B
20240318;100010;299.67;10;9870259375;B
20240318;100010;299.5;30;9870259378;S
20240318;100010;299.67;20;9870259383;B
20240318;100010;299.67;10;9870259386;B
20240318;100010;299.52;20;9870259390;S
20240318;100010;299.67;10;9870259394;B
20240318;100010;299.51;10;9870259396;S
20240318;100010;299.67;40;9870259401;B
20240318;100010;299.67;30;9870259518;B
20240318;100010;299.67;10;9870259653;B
20240318;100010;299.67;10;9870259967;B
20240318;100010;299.67;10;9870259968;B
20240318;100010;299.67;10;9870259969;B
20240318;100010;299.67;10;9870259973;B
20240318;100010;299.67;20;9870259976;B
20240318;100010;299.67;10;9870259977;B
20240318;100010;299.67;10;9870259979;B
20240318;100010;299.44;10;9870259980;S
20240318;100010;299.67;10;9870259982;B
20240318;100010;299.67;10;9870259984;B
20240318;100010;299.49;10;9870259985;S
20240318;100010;299.67;10;9870259987;B
20240318;100010;299.5;340;9870259988;S
20240318;100010;299.46;610;9870259989;S
20240318;100010;299.46;400;9870259990;S
20240318;100010;299.46;1000;9870259991;S
20240318;100010;299.45;610;9870259992;S
20240318;100010;299.44;610;9870259993;S
20240318;100010;299.43;610;9870259994;S
20240318;100010;299.42;610;9870259995;S
20240318;100010;299.41;610;9870259996;S
20240318;100010;299.4;610;9870259997;S
20240318;100010;299.4;2000;9870259998;S
20240318;100010;299.38;610;9870259999;S
20240318;100010;299.37;610;9870260000;S
20240318;100010;299.37;3020;9870260001;S
20240318;100010;299.36;340;9870260002;S
20240318;100010;299.35;820;9870260003;S
20240318;100010;299.22;20;9870260005;S
20240318;100010;299.14;40;9870260008;S
20240318;100010;299.65;10;9870260047;B
20240318;100010;299.65;60;9870260164;B
20240318;100010;299.65;10;9870260252;B
20240318;100010;299.65;10;9870260400;B
20240318;100010;299.65;10;9870260402;B
20240318;100010;299.65;10;9870260408;B
20240318;100010;299.65;10;9870260409;B
20240318;100010;299.65;20;9870260421;B
20240318;100010;299.65;10;9870260425;B
20240318;100010;299.46;10;9870260431;S
20240318;100010;299.46;20;9870260433;S
20240318;100011;299.65;30;9870260975;B
20240318;100011;299.65;220;9870261057;B
20240318;100011;299.65;610;9870261058;B
20240318;100011;299.65;350;9870261059;B
20240318;100011;299.65;10;9870261060;B
20240318;100011;299.65;10;9870261063;B
20240318;100011;299.65;10;9870261064;B
20240318;100011;299.65;20;9870261065;B
20240318;100011;299.46;20;9870261066;S
20240318;100011;299.65;10;9870261067;B
20240318;100011;299.65;10;9870261068;B
20240318;100011;299.65;10;9870261069;B
20240318;100011;299.5;90;9870261221;S
20240318;100011;299.6;90;9870261233;B
20240318;100011;299.59;130;9870261254;B
20240318;100011;299.47;250;9870261318;S
20240318;100011;299.6;40;9870261341;B
20240318;100011;299.45;80;9870261530;S
20240318;100011;299.16;20;9870261573;S
20240318;100011;299.54;30;9870261575;B
20240318;100011;299.38;610;9870261610;S
20240318;100011;299.37;610;9870261611;S
20240318;100011;299.36;610;9870261612;S
20240318;100011;299.35;50;9870261613;S
20240318;100011;299.54;170;9870261759;B
20240318;100011;299.54;30;9870261760;B
20240318;100011;299.58;20;9870261994;B
20240318;100012;299.58;10;9870262574;B
20240318;100012;299.58;1990;9870262656;B
20240318;100012;299.59;10;9870262657;B
20240318;100012;299.53;10;9870262807;B
20240318;100013;299.53;50;9870262942;S
20240318;100013;299.58;2000;9870262954;B
20240318;100013;299.53;50;9870263019;S
20240318;100013;299.56;10;9870263069;B
20240318;100013;299.59;200;9870263091;B
20240318;100015;299.57;10;9870263518;B
20240318;100015;299.51;610;9870263548;S
20240318;100015;299.51;400;9870263549;S
20240318;100015;299.5;390;9870263550;S
20240318;100016;299.57;1000;9870263757;B
20240318;100016;299.53;160;9870263842;S
20240318;100016;299.57;220;9870263865;B
20240318;100016;299.57;450;9870263905;B
20240318;100016;299.57;30;9870264022;B
20240318;100017;299.53;40;9870264081;S
20240318;100017;299.57;10;9870264106;B
20240318;100017;299.57;90;9870264123;B
20240318;100017;299.57;50;9870264185;B
20240318;100017;299.55;160;9870264262;B
20240318;100017;299.55;10;9870264295;B
20240318;100017;299.55;540;9870264334;B
20240318;100017;299.55;10;9870264360;B
20240318;100018;299.55;1280;9870264397;B
20240318;100018;299.56;10;9870264398;B
20240318;100018;299.56;50;9870264399;B
20240318;100018;299.57;140;9870264400;B
20240318;100018;299.58;10;9870264401;B
20240318;100018;299.59;290;9870264402;B
20240318;100018;299.6;1220;9870264403;B
20240318;100018;299.6;10;9870264416;B
20240318;100019;299.53;10;9870264864;S
20240318;100019;299.54;100;9870264870;B
20240318;100020;299.54;10;9870264973;B
20240318;100020;299.53;560;9870265001;S
20240318;100020;299.53;400;9870265002;S
20240318;100020;299.52;100;9870265003;S
20240318;100020;299.52;610;9870265004;S
20240318;100020;299.52;1000;9870265005;S
20240318;100020;299.51;610;9870265006;S
20240318;100020;299.5;10;9870265007;S
20240318;100020;299.5;610;9870265008;S
20240318;100020;299.5;500;9870265009;S
20240318;100020;299.49;610;9870265010;S
20240318;100020;299.48;610;9870265011;S
20240318;100020;299.47;610;9870265012;S
20240318;100020;299.46;610;9870265013;S
20240318;100020;299.46;200;9870265014;S
20240318;100020;299.45;610;9870265015;S
20240318;100020;299.44;610;9870265016;S
20240318;100020;299.43;10;9870265017;S
20240318;100020;299.42;2000;9870265018;S
20240318;100020;299.41;10;9870265019;S
20240318;100020;299.4;2000;9870265020;S
20240318;100020;299.37;2000;9870265021;S
20240318;100020;299.35;50;9870265022;S
20240318;100020;299.34;490;9870265023;S
20240318;100020;299.54;30;9870265026;B
20240318;100020;299.46;100;9870265094;S
20240318;100020;299.39;400;9870265119;S
20240318;100020;299.39;100;9870265120;S
20240318;100020;299.5;100;9870265122;B
20240318;100021;299.47;100;9870265381;B
20240318;100021;299.48;340;9870265382;B
20240318;100021;299.49;1560;9870265383;B
20240318;100021;299.44;400;9870265479;S
20240318;100021;299.44;250;9870265480;S
20240318;100021;299.49;60;9870265501;B
20240318;100021;299.5;290;9870265502;B
20240318;100022;299.44;360;9870265648;S
20240318;100022;299.44;140;9870265649;S
20240318;100022;299.48;10;9870265713;B
20240318;100023;299.49;10;9870265813;B
20240318;100023;299.49;90;9870265816;B
20240318;100023;299.5;2000;9870265817;B
20240318;100023;299.51;50;9870265818;B
20240318;100023;299.52;2000;9870265819;B
20240318;100023;299.52;400;9870265820;B
20240318;100023;299.52;100;9870265821;B
20240318;100023;299.53;100;9870265822;B
20240318;100023;299.54;2000;9870265823;B
20240318;100023;299.55;100;9870265824;B
20240318;100023;299.55;660;9870265825;B
20240318;100023;299.44;150;9870265828;S
20240318;100024;299.49;10;9870266121;B
20240318;100025;299.52;2000;9870266433;B
20240318;100025;299.52;10;9870266434;B
20240318;100025;299.53;1600;9870266462;B
20240318;100025;299.52;10;9870266774;S
20240318;100025;299.53;30;9870266865;B
20240318;100025;299.57;20;9870266866;B
20240318;100025;299.57;80;9870266869;B
20240318;100025;299.57;20;9870266870;B
20240318;100025;299.57;50;9870266963;B
20240318;100025;299.57;30;9870267038;B
20240318;100025;299.6;70;9870267039;B
20240318;100026;299.58;560;9870267109;S
20240318;100026;299.59;400;9870267198;B
20240318;100026;299.6;540;9870267199;B
20240318;100026;299.6;2000;9870267200;B
20240318;100026;299.61;10;9870267201;B
20240318;100026;299.61;610;9870267202;B
20240318;100026;299.61;500;9870267203;B
20240318;100026;299.62;610;9870267204;B
20240318;100026;299.63;610;9870267205;B
20240318;100026;299.63;320;9870267206;B
20240318;100026;299.6;410;9870267284;S
20240318;100026;299.61;100;9870267295;S
20240318;100026;299.61;100;9870267354;B
20240318;100026;299.61;100;9870267383;B
20240318;100026;299.6;340;9870267388;S
20240318;100026;299.6;400;9870267389;S
20240318;100026;299.6;1260;9870267390;S
20240318;100027;299.6;10;9870267393;S
20240318;100027;299.61;100;9870267461;B
20240318;100027;299.63;150;9870267462;B
20240318;100027;299.63;100;9870267481;B
20240318;100027;299.63;100;9870267505;B
20240318;100027;299.62;300;9870267508;S
20240318;100027;299.59;10;9870267523;S
20240318;100027;299.61;80;9870267576;S
20240318;100028;299.63;10;9870267610;B
20240318;100028;299.63;390;9870267846;B
20240318;100028;299.63;10;9870267847;B
20240318;100028;299.64;100;9870267848;B
20240318;100028;299.64;100;9870267849;B
20240318;100028;299.64;610;9870267850;B
20240318;100028;299.64;10;9870267851;B
20240318;100028;299.65;610;9870267852;B
20240318;100028;299.65;400;9870267853;B
20240318;100028;299.66;10;9870267854;B
20240318;100028;299.66;570;9870267855;B
20240318;100028;299.66;60;9870267856;B
20240318;100028;299.66;610;9870267857;B
20240318;100028;299.67;610;9870267858;B
20240318;100028;299.68;610;9870267859;B
20240318;100028;299.69;1000;9870267860;B
20240318;100028;299.69;610;9870267861;B
20240318;100028;299.7;3690;9870267862;B
20240318;100028;299.63;1000;9870267865;S
20240318;100028;299.65;500;9870267866;S
20240318;100028;299.65;100;9870267868;B
20240318;100028;299.65;100;9870267869;B
20240318;100028;299.65;100;9870267870;B
20240318;100028;299.65;400;9870267871;S
20240318;100028;299.66;100;9870267903;B
20240318;100028;299.66;100;9870267904;B
20240318;100028;299.66;100;9870267905;B
20240318;100028;299.68;40;9870267906;B
20240318;100028;299.7;10;9870267927;B
20240318;100029;299.67;10;9870268141;B
20240318;100029;299.67;140;9870268146;B
20240318;100029;299.7;24860;9870268147;B
20240318;100029;299.7;20;9870268154;B
20240318;100029;299.68;10;9870268265;B
20240318;100029;299.7;490;9870268266;B
20240318;100030;299.66;540;9870268474;S
20240318;100030;299.66;70;9870268517;S
20240318;100030;299.65;340;9870268518;S
20240318;100030;299.65;610;9870268519;S
20240318;100030;299.64;610;9870268520;S
20240318;100030;299.63;2140;9870268521;S
20240318;100030;299.63;610;9870268522;S
20240318;100030;299.63;400;9870268523;S
20240318;100030;299.62;610;9870268524;S
20240318;100030;299.62;1790;9870268525;S
20240318;100030;299.68;300;9870268647;S
20240318;100030;299.69;50;9870268750;B
20240318;100030;299.69;100;9870268751;S
20240318;100030;299.68;400;9870268752;S
20240318;100031;299.69;10;9870268946;B
20240318;100031;299.69;960;9870269004;B
20240318;100031;299.69;100;9870269005;B
20240318;100031;299.7;1850;9870269006;B
20240318;100031;299.7;10;9870269023;B
20240318;100031;299.7;10;9870269034;B
20240318;100031;299.69;30;9870269121;S
20240318;100031;299.69;10;9870269141;S
20240318;100031;299.69;50;9870269306;S
20240318;100032;299.7;2000;9870269504;B
20240318;100032;299.7;70;9870269543;B
20240318;100032;299.7;70;9870269553;B
20240318;100032;299.7;100;9870269562;B
20240318;100032;299.69;10;9870269602;S
20240318;100032;299.7;60;9870269605;B
20240318;100033;299.7;800;9870269612;B
20240318;100033;299.7;100;9870269614;B
20240318;100033;299.69;900;9870269681;S
20240318;100033;299.69;610;9870269682;S
20240318;100033;299.69;10;9870269683;S
20240318;100033;299.69;400;9870269684;S
20240318;100033;299.68;270;9870269685;S
20240318;100033;299.7;2310;9870269697;B
20240318;100033;299.69;400;9870269743;S
20240318;100033;299.69;610;9870269744;S
20240318;100033;299.68;340;9870269745;S
20240318;100033;299.68;10;9870269746;S
20240318;100033;299.68;500;9870269747;S
20240318;100033;299.67;610;9870269748;S
20240318;100033;299.66;610;9870269749;S
20240318;100033;299.65;610;9870269750;S
20240318;100033;299.65;1260;9870269751;S
20240318;100033;299.69;60;9870269810;S
20240318;100033;299.69;10;9870269901;S
20240318;100034;299.7;10;9870269931;B
20240318;100034;299.7;10;9870269935;B
20240318;100034;299.7;1000;9870269986;B
20240318;100034;299.7;500;9870270012;B
20240318;100034;299.7;100;9870270042;B
20240318;100034;299.69;10;9870270048;S
20240318;100034;299.7;100;9870270058;B
20240318;100034;299.69;60;9870270146;S
20240318;100034;299.7;5000;9870270171;B
20240318;100034;299.69;150;9870270220;S
20240318;100035;299.69;50;9870270255;S
20240318;100035;299.7;300;9870270273;B
20240318;100035;299.7;30;9870270346;B
20240318;100035;299.69;100;9870270490;S
20240318;100036;299.69;30;9870270601;S
20240318;100036;299.69;610;9870270602;S
20240318;100036;299.69;60;9870270603;S
20240318;100036;299.69;10;9870270729;S
20240318;100036;299.69;20;9870270744;S
20240318;100036;299.69;10;9870270815;S
20240318;100036;299.7;20;9870270868;B
20240318;100036;299.7;6500;9870270872;B
20240318;100036;299.7;100;9870270888;B
20240318;100037;299.69;800;9870271149;S
20240318;100037;299.69;10;9870271150;S
20240318;100037;299.69;190;9870271151;S
20240318;100037;299.69;210;9870271210;S
20240318;100037;299.69;610;9870271211;S
20240318;100037;299.69;10;9870271212;S
20240318;100037;299.68;610;9870271213;S
20240318;100037;299.67;610;9870271214;S
20240318;100037;299.66;610;9870271215;S
20240318;100037;299.66;2000;9870271216;S
20240318;100037;299.65;740;9870271217;S
20240318;100037;299.65;610;9870271218;S
20240318;100037;299.64;610;9870271219;S
20240318;100037;299.64;1880;9870271220;S
20240318;100037;299.68;400;9870271241;S
20240318;100037;299.68;100;9870271242;S
20240318;100037;299.7;90;9870271252;B
20240318;100037;299.68;510;9870271335;S
20240318;100037;299.68;400;9870271336;S
20240318;100037;299.67;340;9870271337;S
20240318;100037;299.67;610;9870271338;S
20240318;100037;299.67;50;9870271339;S
20240318;100037;299.66;190;9870271340;S
20240318;100037;299.66;340;9870271341;S
20240318;100037;299.65;610;9870271342;S
20240318;100037;299.65;550;9870271343;S
20240318;100037;299.69;100;9870271374;B
20240318;100037;299.7;4580;9870271375;B
20240318;100037;299.7;10;9870271376;B
20240318;100037;299.7;100;9870271377;B
20240318;100037;299.7;100;9870271378;B
20240318;100037;299.7;90;9870271379;B
20240318;100037;299.7;100;9870271380;B
20240318;100037;299.7;90;9870271381;B
20240318;100037;299.71;90;9870271382;B
20240318;100037;299.71;420;9870271383;B
20240318;100037;299.71;20;9870271384;B
20240318;100037;299.71;20;9870271385;B
20240318;100037;299.73;10;9870271386;B
20240318;100037;299.73;50;9870271387;B
20240318;100037;299.74;600;9870271388;B
20240318;100037;299.74;200;9870271389;B
20240318;100037;299.74;10;9870271390;B
20240318;100037;299.74;100;9870271391;B
20240318;100037;299.75;70;9870271392;B
20240318;100037;299.75;50;9870271393;B
20240318;100037;299.75;400;9870271394;B
20240318;100037;299.77;500;9870271395;B
20240318;100037;299.77;100;9870271396;B
20240318;100037;299.77;610;9870271397;B
20240318;100037;299.78;50;9870271398;B
20240318;100037;299.78;10;9870271399;B
20240318;100037;299.78;610;9870271400;B
20240318;100037;299.79;600;9870271401;B
20240318;100037;299.79;10;9870271402;B
20240318;100037;299.79;10;9870271403;B
20240318;100037;299.79;290;9870271404;B
20240318;100037;299.79;320;9870271413;B
20240318;100037;299.8;10;9870271414;B
20240318;100037;299.8;580;9870271415;B
20240318;100037;299.8;10;9870271416;B
20240318;100037;299.8;960;9870271417;B
20240318;100037;299.8;70;9870271418;B
20240318;100037;299.8;30;9870271457;B
20240318;100037;299.8;470;9870271458;B
20240318;100037;299.78;340;9870271495;S
20240318;100037;299.78;660;9870271496;S
20240318;100037;299.78;10;9870271525;S
20240318;100037;299.8;1000;9870271526;B
20240318;100038;299.8;530;9870271541;B
20240318;100038;299.8;70;9870271542;B
20240318;100038;299.8;10;9870271543;B
20240318;100038;299.78;330;9870271559;S
20240318;100038;299.78;1010;9870271560;S
20240318;100038;299.78;400;9870271561;S
20240318;100038;299.77;10000;9870271562;S
20240318;100038;299.76;10;9870271563;B
20240318;100038;299.72;10;9870271654;B
20240318;100038;299.76;30;9870271655;B
20240318;100040;299.72;10;9870272408;S
20240318;100040;299.72;10;9870272649;S
20240318;100040;299.73;100;9870272681;B
20240318;100040;299.74;10;9870272682;B
20240318;100040;299.76;10;9870272683;B
20240318;100040;299.77;80;9870272684;B
20240318;100041;299.74;10;9870272753;S
20240318;100041;299.76;10;9870272765;B
20240318;100041;299.76;390;9870272766;B
20240318;100041;299.77;70;9870272926;B
20240318;100041;299.76;10;9870272959;S
20240318;100041;299.76;10;9870273151;S
20240318;100041;299.76;1090;9870273227;S
20240318;100041;299.76;910;9870273228;S
20240318;100041;299.76;110;9870273243;S
20240318;100042;299.76;500;9870273281;S
20240318;100042;299.77;50;9870273299;B
20240318;100042;299.76;220;9870273325;S
20240318;100042;299.77;5000;9870273432;B
20240318;100042;299.75;10;9870273499;S
20240318;100042;299.75;70;9870273526;S
20240318;100042;299.75;400;9870273527;S
20240318;100042;299.74;530;9870273528;S
20240318;100042;299.77;500;9870273548;B
20240318;100042;299.77;10;9870273601;B
20240318;100042;299.76;10;9870273611;S
20240318;100043;299.74;10;9870273661;S
20240318;100043;299.76;490;9870273673;B
20240318;100043;299.76;10;9870273741;S
20240318;100043;299.77;10;9870274025;B
20240318;100043;299.77;1440;9870274041;B
20240318;100043;299.77;2060;9870274042;B
20240318;100043;299.77;250;9870274057;B
20240318;100044;299.77;790;9870274196;B
20240318;100044;299.77;90;9870274197;B
20240318;100044;299.77;1800;9870274282;B
20240318;100044;299.76;30;9870274311;S
20240318;100044;299.77;910;9870274385;B
20240318;100044;299.77;10;9870274386;B
20240318;100044;299.77;50;9870274387;B
20240318;100044;299.76;10;9870274426;S
20240318;100045;299.77;1000;9870274492;B
20240318;100045;299.77;150;9870274666;B
20240318;100045;299.77;200;9870274710;B
20240318;100045;299.76;10;9870274758;S
20240318;100046;299.76;100;9870275114;S
20240318;100046;299.77;30;9870275116;B
20240318;100046;299.77;270;9870275129;B
20240318;100046;299.77;10;9870275154;B
20240318;100046;299.77;330;9870275249;B
20240318;100047;299.77;650;9870275464;B
20240318;100047;299.76;280;9870275512;S
20240318;100047;299.76;1010;9870275513;S
20240318;100047;299.76;2000;9870275514;S
20240318;100047;299.76;490;9870275515;S
20240318;100047;299.77;7010;9870275568;B
20240318;100047;299.76;40;9870275575;S
20240318;100047;299.76;100;9870275576;S
20240318;100047;299.77;10;9870275654;B
20240318;100048;299.77;390;9870275778;B
20240318;100048;299.77;100;9870275779;B
20240318;100048;299.77;10;9870275780;B
20240318;100048;299.77;20;9870275815;B
20240318;100048;299.77;70;9870275900;B
20240318;100048;299.77;2000;9870275901;B
20240318;100048;299.77;100;9870275902;B
20240318;100048;299.77;100;9870275903;B
20240318;100048;299.79;100;9870275904;B
20240318;100048;299.79;50;9870275905;B
20240318;100048;299.79;1000;9870275906;B
20240318;100048;299.8;120;9870275907;B
20240318;100048;299.8;30;9870275939;B
20240318;100048;299.8;30;9870275943;B
20240318;100048;299.79;100;9870275953;S
20240318;100048;299.8;10;9870276011;B
20240318;100048;299.79;10;9870276056;S
20240318;100049;299.8;230;9870276290;B
20240318;100049;299.8;70;9870276291;B
20240318;100049;299.8;10;9870276431;B
20240318;100049;299.79;220;9870276458;S
20240318;100050;299.8;100;9870276583;B
20240318;100050;299.79;70;9870276716;S
20240318;100050;299.79;60;9870276717;S
20240318;100050;299.8;330;9870276721;B
20240318;100050;299.79;50;9870276756;S
20240318;100051;299.79;50;9870277053;S
20240318;100051;299.8;10;9870277080;B
20240318;100051;299.8;10;9870277216;B
20240318;100051;299.8;700;9870277290;B
20240318;100052;299.8;100;9870277319;B
20240318;100052;299.79;50;9870277354;S
20240318;100052;299.8;150;9870277538;B
20240318;100052;299.8;480;9870277569;B
20240318;100052;299.79;50;9870277585;S
20240318;100053;299.8;20;9870277956;B
20240318;100053;299.8;100;9870277966;B
20240318;100054;299.79;20;9870278123;S
20240318;100054;299.8;800;9870278190;B
20240318;100054;299.8;10;9870278304;B
20240318;100054;299.8;10;9870278310;B
20240318;100054;299.79;890;9870278323;S
20240318;100054;299.79;400;9870278324;S
20240318;100054;299.79;610;9870278325;S
20240318;100054;299.79;600;9870278326;S
20240318;100054;299.8;60;9870278362;B
20240318;100054;299.8;1500;9870278454;B
20240318;100054;299.79;40;9870278465;S
20240318;100054;299.8;10;9870278484;B
20240318;100055;299.8;50;9870278545;B
20240318;100055;299.79;970;9870278567;S
20240318;100055;299.79;1000;9870278568;S
20240318;100055;299.79;400;9870278569;S
20240318;100055;299.78;2000;9870278570;S
20240318;100055;299.78;610;9870278571;S
20240318;100055;299.77;610;9870278572;S
20240318;100055;299.77;2500;9870278573;S
20240318;100055;299.77;50;9870278574;S
20240318;100055;299.76;610;9870278575;S
20240318;100055;299.76;100;9870278576;S
20240318;100055;299.75;610;9870278577;S
20240318;100055;299.75;2000;9870278578;S
20240318;100055;299.75;300;9870278579;S
20240318;100055;299.74;610;9870278580;S
20240318;100055;299.74;60;9870278581;S
20240318;100055;299.73;610;9870278582;S
20240318;100055;299.73;2000;9870278583;S
20240318;100055;299.73;2000;9870278584;S
20240318;100055;299.72;40;9870278585;S
20240318;100055;299.72;610;9870278586;S
20240318;100055;299.72;2310;9870278587;S
20240318;100055;299.8;140;9870279101;B
20240318;100055;299.78;10;9870279102;S
20240318;100056;299.79;10;9870279161;B
20240318;100056;299.79;100;9870279205;B
20240318;100056;299.79;100;9870279241;B
20240318;100056;299.79;10;9870279312;B
20240318;100056;299.78;20;9870279381;S
20240318;100057;299.79;80;9870279706;B
20240318;100057;299.8;6590;9870279707;B
20240318;100057;299.79;20;9870279767;S
20240318;100057;299.79;50;9870279779;S
20240318;100057;299.8;500;9870279812;B
20240318;100057;299.8;10;9870279853;B
20240318;100058;299.79;110;9870279976;S
20240318;100058;299.79;100;9870280080;S
20240318;100058;299.8;400;9870280126;B
20240318;100058;299.79;730;9870280282;S
20240318;100058;299.78;270;9870280283;S
20240318;100059;299.8;450;9870280326;B
20240318;100059;299.79;1010;9870280336;S
20240318;100059;299.78;540;9870280337;S
20240318;100059;299.79;1000;9870280425;S
20240318;100059;299.8;70;9870280438;B
20240318;100059;299.8;10;9870280508;B
20240318;100100;299.8;1500;9870280601;B
20240318;100100;299.8;1000;9870280639;B
20240318;100100;299.8;810;9870280677;B
20240318;100100;299.8;80;9870280678;B
20240318;100100;299.8;10;9870280679;B
20240318;100100;299.8;100;9870280680;B
20240318;100100;299.8;50;9870280681;B
20240318;100100;299.8;20;9870280682;B
20240318;100100;299.8;10;9870280683;B
20240318;100100;299.8;10;9870280684;B
20240318;100100;299.8;100;9870280685;B
20240318;100100;299.8;10;9870280686;B
20240318;100100;299.8;50;9870280687;B
20240318;100100;299.8;10;9870280688;B
20240318;100100;299.8;240;9870280689;B
20240318;100100;299.79;340;9870280739;S
20240318;100100;299.8;100;9870280890;B
20240318;100100;299.79;500;9870280899;S
20240318;100100;299.8;2160;9870280905;B
20240318;100100;299.81;420;9870280906;B
20240318;100100;299.81;20;9870280907;B
20240318;100101;299.81;980;9870281022;B
20240318;100101;299.84;10;9870281097;B
20240318;100101;299.84;50;9870281200;B
20240318;100101;299.83;250;9870281223;S
20240318;100101;299.84;40;9870281259;B
20240318;100101;299.84;60;9870281260;B
20240318;100101;299.84;100;9870281261;B
20240318;100101;299.83;10;9870281263;S
20240318;100101;299.84;200;9870281264;B
20240318;100101;299.84;200;9870281265;B
20240318;100101;299.84;40;9870281281;B
20240318;100101;299.84;10;9870281282;B
20240318;100101;299.85;250;9870281283;B
20240318;100101;299.85;10;9870281291;B
20240318;100102;299.84;400;9870281358;S
20240318;100102;299.84;100;9870281359;S
20240318;100102;299.84;10;9870281454;S
20240318;100102;299.84;10;9870281466;S
20240318;100102;299.84;200;9870281474;S
20240318;100102;299.85;70;9870281529;B
20240318;100102;299.85;10;9870281530;B
20240318;100102;299.85;50;9870281531;B
20240318;100102;299.85;10;9870281532;B
20240318;100102;299.85;40;9870281533;B
20240318;100102;299.86;1670;9870281534;B
20240318;100102;299.86;150;9870281535;B
20240318;100102;299.86;50;9870281560;B
20240318;100102;299.87;150;9870281561;B
20240318;100102;299.87;50;9870281562;B
20240318;100102;299.88;270;9870281563;B
20240318;100103;299.87;60;9870281709;S
20240318;100103;299.87;2070;9870281828;S
20240318;100103;299.86;400;9870281829;S
20240318;100104;299.86;200;9870281915;B
20240318;100104;299.85;40;9870281941;S
20240318;100104;299.86;10;9870282072;B
20240318;100104;299.85;570;9870282079;S
20240318;100104;299.84;290;9870282080;S
20240318;100104;299.84;1010;9870282081;S
20240318;100104;299.83;610;9870282082;S
20240318;100104;299.83;1520;9870282083;S
20240318;100104;299.84;1010;9870282090;S
20240318;100104;299.83;480;9870282091;S
20240318;100104;299.83;550;9870282092;S
20240318;100104;299.83;100;9870282118;S
20240318;100104;299.86;1560;9870282129;B
20240318;100105;299.86;10;9870282799;B
20240318;100106;299.86;1490;9870283007;B
20240318;100107;299.85;10;9870283559;S
20240318;100107;299.86;80;9870283561;B
20240318;100107;299.86;10;9870283576;B
20240318;100108;299.86;100;9870283640;B
20240318;100108;299.86;1500;9870283840;B
20240318;100108;299.85;300;9870283846;S
20240318;100108;299.86;10;9870283893;B
20240318;100109;299.85;1820;9870283911;S
20240318;100109;299.85;450;9870283912;S
20240318;100109;299.85;210;9870283913;S
20240318;100109;299.86;10;9870283926;B
20240318;100109;299.85;400;9870283997;S
20240318;100109;299.85;40;9870284012;S
20240318;100109;299.86;50;9870284125;B
20240318;100109;299.86;50;9870284126;B
20240318;100109;299.86;10;9870284127;B
20240318;100109;299.88;390;9870284128;B
20240318;100109;299.88;1000;9870284137;B
20240318;100109;299.88;1000;9870284138;B
20240318;100109;299.88;200;9870284139;B
20240318;100109;299.88;100;9870284147;B
20240318;100110;299.88;500;9870284220;B
20240318;100110;299.88;200;9870284226;B
20240318;100110;299.88;200;9870284234;B
20240318;100110;299.88;200;9870284235;B
20240318;100110;299.88;200;9870284260;B
20240318;100110;299.88;100;9870284262;B
20240318;100110;299.88;100;9870284336;B
20240318;100110;299.87;10;9870284340;S
20240318;100110;299.88;60;9870284500;B
20240318;100110;299.88;10;9870284501;B
20240318;100110;299.88;400;9870284508;B
20240318;100110;299.88;600;9870284509;B
20240318;100110;299.88;100;9870284526;B
20240318;100111;299.87;800;9870284546;S
20240318;100111;299.88;20;9870284548;B
20240318;100111;299.87;190;9870284701;S
20240318;100112;299.88;200;9870284837;B
20240318;100112;299.88;1500;9870284916;B
20240318;100112;299.88;100;9870284922;B
20240318;100112;299.88;100;9870284923;B
20240318;100112;299.87;500;9870285002;S
20240318;100112;299.88;160;9870285032;B
20240318;100113;299.88;2290;9870285111;B
20240318;100113;299.88;370;9870285112;B
20240318;100113;299.88;10;9870285113;B
20240318;100113;299.88;10;9870285114;B
20240318;100113;299.88;50;9870285115;B
20240318;100113;299.88;10;9870285116;B
20240318;100113;299.88;50;9870285117;B
20240318;100113;299.88;50;9870285118;B
20240318;100113;299.89;1160;9870285119;B
20240318;100113;299.89;90;9870285289;B
20240318;100113;299.89;100;9870285290;B
20240318;100113;299.89;10;9870285291;B
20240318;100113;299.89;300;9870285448;B
20240318;100113;299.89;200;9870285475;B
20240318;100114;299.89;100;9870285569;B
20240318;100114;299.89;10;9870285570;B
20240318;100114;299.89;30;9870285571;B
20240318;100114;299.9;10;9870285574;B
20240318;100114;299.89;10;9870285639;S
20240318;100114;299.89;150;9870285695;S
20240318;100114;299.9;10;9870285697;B
20240318;100114;299.89;10;9870285787;S
20240318;100114;299.9;40;9870285791;B
20240318;100114;299.9;40;9870285801;B
20240318;100114;299.9;60;9870285802;B
20240318;100114;299.89;600;9870285810;S
20240318;100114;299.89;1000;9870285811;S
20240318;100114;299.88;610;9870285822;S
20240318;100114;299.88;250;9870285823;S
20240318;100114;299.87;240;9870285824;S
20240318;100115;299.89;400;9870285845;B
20240318;100115;299.89;400;9870285846;B
20240318;100115;299.89;100;9870285868;B
20240318;100115;299.89;100;9870285869;B
20240318;100115;299.89;600;9870285870;B
20240318;100115;299.89;100;9870285873;B
20240318;100115;299.89;100;9870285874;B
20240318;100115;299.89;200;9870285875;B
20240318;100115;299.89;100;9870285876;B
20240318;100115;299.89;200;9870285878;B
20240318;100115;299.89;200;9870285879;B
20240318;100115;299.89;300;9870285880;B
20240318;100115;299.89;700;9870285881;B
20240318;100115;299.89;200;9870285882;B
20240318;100115;299.89;200;9870285885;B
20240318;100115;299.89;200;9870285886;B
20240318;100115;299.89;100;9870285887;B
20240318;100115;299.89;200;9870285890;B
20240318;100115;299.9;500;9870285898;B
20240318;100115;299.9;440;9870285920;B
20240318;100115;299.9;600;9870285921;B
20240318;100115;299.9;150;9870285922;B
20240318;100115;299.9;50;9870285923;B
20240318;100115;299.9;260;9870285924;B
20240318;100115;299.89;10;9870286042;S
20240318;100116;299.89;90;9870286275;S
20240318;100116;299.89;610;9870286276;S
20240318;100116;299.89;210;9870286277;S
20240318;100116;299.89;400;9870286278;S
20240318;100116;299.89;190;9870286414;B
20240318;100116;299.9;240;9870286415;B
20240318;100116;299.9;1000;9870286416;B
20240318;100116;299.9;190;9870286417;B
20240318;100116;299.9;1000;9870286418;B
20240318;100116;299.9;10;9870286419;B
20240318;100116;299.9;100;9870286420;B
20240318;100116;299.9;80;9870286421;B
20240318;100116;299.9;350;9870286422;B
20240318;100116;299.9;10;9870286423;B
20240318;100116;299.9;60;9870286424;B
20240318;100116;299.9;10;9870286425;B
20240318;100116;299.9;10;9870286426;B
20240318;100116;299.91;420;9870286427;B
20240318;100116;299.92;10;9870286428;B
20240318;100116;299.92;200;9870286429;B
20240318;100116;299.92;10;9870286430;B
20240318;100116;299.92;200;9870286431;B
20240318;100116;299.93;330;9870286432;B
20240318;100116;299.94;580;9870286433;B
20240318;100116;299.88;110;9870286487;S
20240318;100117;299.9;100;9870286609;B
20240318;100117;299.9;120;9870286610;B
20240318;100117;299.91;50;9870286662;S
20240318;100117;299.91;30;9870286695;S
20240318;100117;299.91;20;9870286696;S
20240318;100117;299.91;590;9870286700;S
20240318;100117;299.9;610;9870286701;S
20240318;100117;299.9;100;9870286702;S
20240318;100117;299.89;610;9870286703;S
20240318;100117;299.89;10;9870286704;S
20240318;100117;299.88;500;9870286705;S
20240318;100117;299.88;1580;9870286706;S
20240318;100118;299.92;10;9870286804;B
20240318;100118;299.93;100;9870286805;B
20240318;100118;299.94;580;9870286806;B
20240318;100118;299.94;1500;9870286807;B
20240318;100118;299.94;140;9870286808;B
20240318;100118;299.94;250;9870286809;B
20240318;100118;299.94;50;9870286810;B
20240318;100118;299.94;200;9870286811;B
20240318;100118;299.95;50;9870286812;B
20240318;100118;299.95;50;9870286813;B
20240318;100118;299.95;10;9870286814;B
20240318;100118;299.95;100;9870286815;B
20240318;100118;299.96;20;9870286816;B
20240318;100118;299.96;10;9870286817;B
20240318;100118;299.97;1440;9870286818;B
20240318;100118;299.97;10;9870286819;B
20240318;100118;299.97;10;9870286820;B
20240318;100118;299.97;400;9870286821;B
20240318;100118;299.98;10;9870286822;B
20240318;100118;299.98;50;9870286823;B
20240318;100118;299.98;10;9870286824;B
20240318;100118;299.98;4290;9870286825;B
20240318;100118;299.98;4000;9870286826;B
20240318;100118;299.98;50;9870286827;B
20240318;100118;299.9;100;9870286867;S
20240318;100118;299.97;10;9870286958;B
20240318;100118;299.98;10;9870286959;B
20240318;100118;299.98;10;9870286976;B
20240318;100118;299.9;70;9870286977;S
20240318;100118;299.9;50;9870286978;S
20240318;100119;299.9;100;9870287080;S
20240318;100119;299.9;30;9870287208;S
20240318;100120;299.93;610;9870287414;S
20240318;100120;299.92;100;9870287415;S
20240318;100120;299.92;310;9870287416;S
20240318;100121;299.96;10;9870287543;B
20240318;100121;299.98;1660;9870287544;B
20240318;100121;299.98;1000;9870287545;B
20240318;100121;299.98;500;9870287546;B
20240318;100121;299.98;10;9870287547;B
20240318;100121;299.98;400;9870287548;B
20240318;100121;299.98;50;9870287549;B
20240318;100121;299.98;30;9870287607;B
20240318;100121;299.98;1000;9870287608;B
20240318;100121;299.98;1000;9870287662;B
20240318;100121;299.98;1000;9870287663;B
20240318;100121;299.98;1000;9870287688;B
20240318;100121;299.98;550;9870287689;B
20240318;100121;299.98;450;9870287705;B
20240318;100121;299.98;1000;9870287706;B
20240318;100121;299.98;1000;9870287754;B
20240318;100121;299.98;1000;9870287755;B
20240318;100121;299.98;500;9870287825;B
20240318;100122;299.98;650;9870288060;B
20240318;100122;299.98;1000;9870288061;B
20240318;100122;299.96;10;9870288104;S
20240318;100122;299.96;600;9870288130;S
20240318;100122;299.96;200;9870288131;S
20240318;100122;299.98;10;9870288236;B
20240318;100122;299.98;70;9870288285;B
20240318;100122;299.98;20;9870288320;B
20240318;100123;299.98;350;9870288564;B
20240318;100123;299.97;100;9870288646;S
20240318;100123;299.98;70;9870288655;B
20240318;100123;299.98;800;9870288682;B
20240318;100123;299.98;1000;9870288683;B
20240318;100124;299.98;10;9870288808;B
20240318;100124;299.98;220;9870288959;B
20240318;100124;299.98;300;9870288985;B
20240318;100124;299.98;980;9870288986;B
20240318;100125;299.98;20;9870289019;B
20240318;100125;299.98;400;9870289020;B
20240318;100125;299.98;700;9870289021;B
20240318;100125;299.98;10;9870289098;B
20240318;100125;299.97;50;9870289133;S
20240318;100125;299.97;100;9870289177;B
20240318;100125;299.97;20;9870289179;B
20240318;100125;299.97;280;9870289281;B
20240318;100125;299.97;610;9870289282;B
20240318;100126;299.98;30;9870289422;B
20240318;100126;299.98;260;9870289454;B
20240318;100126;299.98;90;9870289455;B
20240318;100126;299.97;10;9870289515;S
20240318;100126;299.97;400;9870289585;B
20240318;100126;299.97;200;9870289586;B
20240318;100126;299.97;30;9870289590;B
20240318;100128;299.96;100;9870290047;B
20240318;100128;299.97;380;9870290048;B
20240318;100128;299.97;400;9870290049;B
20240318;100128;299.98;540;9870290050;B
20240318;100128;299.97;10;9870290102;B
20240318;100128;299.97;10;9870290124;B
20240318;100128;299.94;200;9870290140;S
20240318;100129;299.94;300;9870290346;S
20240318;100129;299.93;2430;9870290347;S
20240318;100129;299.9;970;9870290348;S
20240318;100130;299.96;10;9870290485;B
20240318;100130;299.96;50;9870290486;B
20240318;100130;299.97;610;9870290487;B
20240318;100130;299.97;400;9870290488;B
20240318;100130;299.98;370;9870290489;B
20240318;100130;299.98;610;9870290490;B
20240318;100130;299.98;10;9870290491;B
20240318;100130;299.91;60;9870290579;S
20240318;100130;299.97;20;9870290597;B
20240318;100130;299.91;2560;9870290607;S
20240318;100130;299.91;10;9870290608;S
20240318;100130;299.91;400;9870290609;S
20240318;100130;299.9;1320;9870290610;S
20240318;100131;299.93;20;9870290742;B
20240318;100131;299.92;30;9870290965;B
20240318;100131;299.93;60;9870290966;B
20240318;100132;299.91;500;9870291197;S
20240318;100132;299.9;2710;9870291198;S
20240318;100132;299.9;10;9870291199;S
20240318;100132;299.89;400;9870291330;B
20240318;100133;299.88;10;9870291486;S
20240318;100133;299.88;90;9870291685;S
20240318;100133;299.88;200;9870291686;S
20240318;100133;299.86;100;9870291687;S
20240318;100133;299.86;10;9870291688;S
20240318;100133;299.86;810;9870291707;S
20240318;100133;299.86;300;9870291708;S
20240318;100133;299.85;200;9870291709;S
20240318;100133;299.85;500;9870291710;S
20240318;100133;299.85;190;9870291711;S
20240318;100134;299.83;40;9870291762;S
20240318;100134;299.87;110;9870291793;B
20240318;100134;299.87;50;9870291936;B
20240318;100134;299.84;100;9870291974;B
20240318;100134;299.83;70;9870291979;S
20240318;100135;299.84;100;9870292012;B
20240318;100135;299.87;110;9870292094;B
20240318;100135;299.87;60;9870292101;B
20240318;100136;299.83;130;9870292447;S
20240318;100136;299.87;1010;9870292485;B
20240318;100136;299.87;400;9870292486;B
20240318;100137;299.88;100;9870292692;B
20240318;100137;299.88;180;9870292693;B
20240318;100137;299.88;400;9870292694;B
20240318;100137;299.88;1010;9870292695;B
20240318;100137;299.88;340;9870292696;B
20240318;100137;299.89;100;9870292697;B
20240318;100137;299.89;100;9870292698;B
20240318;100137;299.9;100;9870292699;B
20240318;100137;299.87;90;9870292705;B
20240318;100138;299.83;50;9870292796;S
20240318;100138;299.88;110;9870292808;B
20240318;100138;299.83;500;9870292812;S
20240318;100138;299.86;100;9870292813;B
20240318;100138;299.89;1010;9870292814;B
20240318;100138;299.89;400;9870292815;B
20240318;100138;299.89;10;9870292816;B
20240318;100138;299.9;6680;9870292817;B
20240318;100138;299.91;610;9870292818;B
20240318;100138;299.92;610;9870292819;B
20240318;100138;299.93;10;9870292820;B
20240318;100138;299.93;610;9870292821;B
20240318;100138;299.93;1000;9870292822;B
20240318;100138;299.94;610;9870292823;B
20240318;100138;299.94;2000;9870292824;B
20240318;100138;299.95;610;9870292825;B
20240318;100138;299.95;10;9870292826;B
20240318;100138;299.95;300;9870292827;B
20240318;100138;299.96;610;9870292828;B
20240318;100138;299.96;100;9870292829;B
20240318;100138;299.96;340;9870292830;B
20240318;100138;299.96;2890;9870292831;B
20240318;100138;299.97;610;9870292832;B
20240318;100138;299.97;10;9870292833;B
20240318;100138;299.97;2000;9870292834;B
20240318;100138;299.98;2000;9870292835;B
20240318;100138;299.98;50;9870292836;B
20240318;100138;299.98;200;9870292837;B
20240318;100138;299.98;10;9870292838;B
20240318;100138;299.98;2000;9870292839;B
20240318;100138;299.98;610;9870292840;B
20240318;100138;299.98;2000;9870292841;B
20240318;100138;299.94;50;9870292854;B
20240318;100138;299.89;80;9870292870;S
20240318;100138;299.88;20;9870292871;S
20240318;100138;299.87;10;9870292933;B
20240318;100138;299.89;190;9870292934;B
20240318;100139;299.89;10;9870292974;B
20240318;100139;299.94;30;9870292975;B
20240318;100139;299.94;20;9870293010;B
20240318;100139;299.94;10;9870293014;B
20240318;100140;299.89;1000;9870293208;B
20240318;100140;299.94;900;9870293209;B
20240318;100140;299.95;1100;9870293210;B
20240318;100140;299.95;1010;9870293241;B
20240318;100140;299.96;1990;9870293242;B
20240318;100141;299.88;100;9870293293;S
20240318;100141;299.95;400;9870293312;B
20240318;100141;299.96;10;9870293313;B
20240318;100141;299.96;670;9870293314;B
20240318;100141;299.95;1010;9870293403;B
20240318;100141;299.95;400;9870293404;B
20240318;100141;299.96;1540;9870293405;B
20240318;100141;299.91;200;9870293438;S
20240318;100141;299.9;40;9870293464;S
20240318;100142;299.9;10;9870293645;S
20240318;100144;299.91;10;9870293990;B
20240318;100144;299.91;30;9870294010;B
20240318;100144;299.9;350;9870294051;S
20240318;100144;299.89;60;9870294089;S
20240318;100144;299.9;70;9870294092;B
20240318;100144;299.89;250;9870294104;S
20240318;100146;299.9;580;9870294629;B
20240318;100146;299.9;1420;9870294630;B
20240318;100146;299.88;150;9870294635;S
20240318;100146;299.9;50;9870294650;B
20240318;100147;299.88;360;9870294731;S
20240318;100147;299.88;100;9870294732;S
20240318;100147;299.88;400;9870294733;S
20240318;100147;299.88;260;9870294807;B
20240318;100147;299.88;60;9870294826;B
20240318;100148;299.88;10;9870294891;B
20240318;100149;299.87;30;9870295199;S
20240318;100149;299.87;610;9870295200;S
20240318;100149;299.87;20;9870295201;S
20240318;100149;299.87;400;9870295202;S
20240318;100149;299.86;610;9870295203;S
20240318;100149;299.85;610;9870295204;S
20240318;100149;299.84;610;9870295205;S
20240318;100149;299.83;1450;9870295206;S
20240318;100149;299.83;610;9870295207;S
20240318;100149;299.82;300;9870295208;S
20240318;100149;299.82;610;9870295209;S
20240318;100149;299.82;500;9870295210;S
20240318;100149;299.81;2000;9870295211;S
20240318;100149;299.81;610;9870295212;S
20240318;100149;299.8;40;9870295213;S
20240318;100149;299.8;100;9870295214;S
20240318;100149;299.8;610;9870295215;S
20240318;100149;299.8;20;9870295216;S
20240318;100149;299.8;10;9870295217;S
20240318;100149;299.79;270;9870295218;S
20240318;100149;299.8;100;9870295220;S
20240318;100149;299.8;60;9870295221;S
20240318;100149;299.88;10;9870295400;B
20240318;100149;299.88;10;9870295401;B
20240318;100149;299.8;50;9870295405;S
20240318;100150;299.82;500;9870295654;B
20240318;100151;299.79;360;9870295954;S
20240318;100151;299.81;10;9870296096;B
20240318;100152;299.81;20;9870296350;B
20240318;100153;299.81;30;9870296537;B
20240318;100153;299.81;440;9870296587;B
20240318;100153;299.81;100;9870296588;B
20240318;100153;299.82;510;9870296589;B
20240318;100153;299.83;10000;9870296590;B
20240318;100153;299.83;20;9870296591;B
20240318;100153;299.84;400;9870296592;B
20240318;100153;299.85;100;9870296593;B
20240318;100153;299.87;340;9870296594;B
20240318;100153;299.87;610;9870296595;B
20240318;100153;299.88;610;9870296596;B
20240318;100153;299.89;610;9870296597;B
20240318;100153;299.9;1530;9870296598;B
20240318;100153;299.9;610;9870296599;B
20240318;100153;299.9;1000;9870296600;B
20240318;100153;299.9;200;9870296601;B
20240318;100153;299.9;10;9870296602;B
20240318;100153;299.9;300;9870296603;B
20240318;100153;299.9;2000;9870296604;B
20240318;100153;299.9;50;9870296605;B
20240318;100153;299.91;17950;9870296606;B
20240318;100153;299.91;610;9870296607;B
20240318;100153;299.89;460;9870296621;B
20240318;100153;299.8;50;9870296671;S
20240318;100154;299.82;10;9870296847;B
20240318;100154;299.88;100;9870296859;B
20240318;100154;299.88;100;9870296868;B
20240318;100154;299.89;50;9870296980;B
20240318;100154;299.88;10;9870297053;S
20240318;100155;299.88;90;9870297087;S
20240318;100155;299.88;100;9870297088;S
20240318;100155;299.88;100;9870297089;S
20240318;100155;299.87;410;9870297090;S
20240318;100155;299.87;290;9870297094;S
20240318;100155;299.86;500;9870297095;S
20240318;100155;299.84;100;9870297194;B
20240318;100155;299.84;100;9870297273;B
20240318;100155;299.84;100;9870297317;B
20240318;100156;299.84;100;9870297346;B
20240318;100156;299.84;100;9870297454;B
20240318;100156;299.84;100;9870297530;B
20240318;100156;299.84;100;9870297572;B
20240318;100156;299.84;100;9870298030;B
20240318;100157;299.84;100;9870298087;B
20240318;100157;299.84;100;9870298158;B
20240318;100157;299.84;100;9870298203;B
20240318;100157;299.84;100;9870298245;B
20240318;100157;299.84;100;9870298280;B
20240318;100158;299.84;100;9870298328;B
20240318;100158;299.84;200;9870298384;B
20240318;100158;299.84;10;9870298460;B
20240318;100158;299.82;20;9870298479;S
20240318;100158;299.82;610;9870298480;S
20240318;100158;299.82;50;9870298481;S
20240318;100158;299.82;340;9870298482;S
20240318;100158;299.81;610;9870298483;S
20240318;100158;299.81;310;9870298484;S
20240318;100158;299.8;610;9870298485;S
20240318;100158;299.8;2000;9870298486;S
20240318;100158;299.8;450;9870298487;S
20240318;100159;299.81;30;9870298618;S
20240318;100159;299.8;1000;9870298705;S
20240318;100200;299.83;400;9870299062;B
20240318;100200;299.84;600;9870299063;B
20240318;100200;299.84;500;9870299064;B
20240318;100200;299.84;500;9870299065;B
20240318;100200;299.85;5010;9870299066;B
20240318;100200;299.87;20;9870299067;B
20240318;100200;299.87;610;9870299068;B
20240318;100200;299.88;610;9870299069;B
20240318;100200;299.89;50;9870299070;B
20240318;100200;299.89;200;9870299071;B
20240318;100201;299.87;10;9870299167;B
20240318;100201;299.87;390;9870299182;B
20240318;100201;299.88;860;9870299183;B
20240318;100201;299.82;50;9870299327;S
20240318;100201;299.8;400;9870299328;S
20240318;100201;299.8;10;9870299329;S
20240318;100201;299.8;400;9870299330;S
20240318;100202;299.79;320;9870299376;S
20240318;100202;299.8;200;9870299397;B
20240318;100202;299.79;80;9870299419;S
20240318;100202;299.79;50;9870299420;S
20240318;100202;299.78;200;9870299421;S
20240318;100202;299.78;610;9870299422;S
20240318;100202;299.77;610;9870299423;S
20240318;100202;299.77;2000;9870299424;S
20240318;100202;299.76;40;9870299425;S
20240318;100202;299.76;10;9870299426;S
20240318;100202;299.76;610;9870299427;S
20240318;100202;299.75;2000;9870299428;S
20240318;100202;299.75;610;9870299429;S
20240318;100202;299.74;2000;9870299430;S
20240318;100202;299.74;610;9870299431;S
20240318;100202;299.74;1000;9870299432;S
20240318;100202;299.73;6670;9870299433;S
20240318;100202;299.73;610;9870299434;S
20240318;100202;299.72;530;9870299435;S
20240318;100202;299.72;2000;9870299436;S
20240318;100202;299.72;610;9870299437;S
20240318;100202;299.71;610;9870299438;S
20240318;100202;299.7;250;9870299439;S
20240318;100202;299.7;10;9870299440;S
20240318;100202;299.7;10;9870299441;S
20240318;100202;299.7;400;9870299442;S
20240318;100202;299.7;8000;9870299443;S
20240318;100202;299.7;150;9870299444;S
20240318;100202;299.7;610;9870299445;S
20240318;100202;299.7;300;9870299446;S
20240318;100202;299.69;8810;9870299447;S
20240318;100202;299.76;470;9870299514;B
20240318;100202;299.76;280;9870299515;B
20240318;100202;299.79;610;9870299619;B
20240318;100202;299.79;610;9870299690;B
20240318;100202;299.8;440;9870299691;B
20240318;100202;299.8;400;9870299692;B
20240318;100202;299.81;610;9870299704;B
20240318;100202;299.82;20;9870299705;B
20240318;100202;299.82;610;9870299706;B
20240318;100202;299.83;610;9870299707;B
20240318;100202;299.89;20;9870299748;B
20240318;100202;299.89;400;9870299765;B
20240318;100202;299.83;400;9870299821;S
20240318;100202;299.82;340;9870299822;S
20240318;100202;299.82;760;9870299823;S
20240318;100203;299.89;270;9870299899;B
20240318;100203;299.88;80;9870300010;S
20240318;100203;299.86;100;9870300012;S
20240318;100203;299.86;100;9870300014;S
20240318;100203;299.86;100;9870300015;S
20240318;100204;299.86;10;9870300147;S
20240318;100204;299.84;10;9870300148;S
20240318;100204;299.81;30;9870300149;S
20240318;100204;299.8;250;9870300150;S
20240318;100204;299.8;3670;9870300279;S
20240318;100204;299.8;2000;9870300280;S
20240318;100204;299.79;950;9870300281;S
20240318;100204;299.78;580;9870300282;S
20240318;100205;299.87;10;9870300317;B
20240318;100205;299.87;40;9870300366;B
20240318;100208;299.82;300;9870301176;S
20240318;100208;299.84;10;9870301211;B
20240318;100208;299.84;50;9870301323;B
20240318;100209;299.82;10;9870301462;S
20240318;100210;299.82;190;9870301739;S
20240318;100210;299.82;500;9870301740;S
20240318;100210;299.8;20;9870301741;S
20240318;100210;299.8;10;9870301742;S
20240318;100210;299.8;10;9870301743;S
20240318;100210;299.78;1170;9870301744;S
20240318;100210;299.81;60;9870301770;B
20240318;100211;299.79;610;9870302095;B
20240318;100211;299.79;380;9870302096;B
20240318;100211;299.74;1060;9870302187;S
20240318;100211;299.71;1070;9870302188;S
20240318;100211;299.7;2000;9870302189;S
20240318;100211;299.7;1000;9870302190;S
20240318;100211;299.7;2060;9870302208;B
20240318;100211;299.7;2060;9870302209;B
20240318;100211;299.7;10;9870302260;B
20240318;100211;299.7;100;9870302263;B
20240318;100211;299.7;100;9870302378;B
20240318;100211;299.7;140;9870302415;B
20240318;100212;299.69;5000;9870302450;S
20240318;100212;299.69;6190;9870302467;S
20240318;100212;299.69;10;9870302468;S
20240318;100212;299.69;3800;9870302469;S
20240318;100212;299.69;1200;9870302523;S
20240318;100212;299.67;100;9870302589;B
20240318;100212;299.65;500;9870302592;S
20240318;100213;299.67;30;9870302638;B
20240318;100213;299.67;10;9870302792;B
20240318;100213;299.67;260;9870302806;B
20240318;100213;299.68;70;9870302807;B
20240318;100214;299.66;50;9870303037;B
20240318;100214;299.66;400;9870303038;B
20240318;100214;299.67;400;9870303073;B
20240318;100214;299.67;200;9870303074;B
20240318;100214;299.65;300;9870303103;S
20240318;100214;299.62;610;9870303104;S
20240318;100214;299.61;610;9870303105;S
20240318;100214;299.61;450;9870303106;S
20240318;100214;299.67;200;9870303162;B
20240318;100214;299.67;20;9870303189;B
20240318;100215;299.64;10;9870303289;B
20240318;100215;299.67;90;9870303290;B
20240318;100215;299.67;100;9870303328;B
20240318;100216;299.67;10;9870303447;B
20240318;100216;299.67;200;9870303476;B
20240318;100216;299.68;3130;9870303477;B
20240318;100217;299.67;300;9870303745;B
20240318;100217;299.62;200;9870303761;S
20240318;100217;299.62;200;9870303762;S
20240318;100217;299.66;50;9870303768;B
20240318;100219;299.66;150;9870304112;B
20240318;100219;299.66;20;9870304205;B
20240318;100219;299.61;180;9870304258;S
20240318;100219;299.65;250;9870304262;B
20240318;100219;299.65;10;9870304305;B
20240318;100219;299.65;70;9870304308;B
20240318;100219;299.65;170;9870304407;B
20240318;100219;299.66;30;9870304408;B
20240318;100220;299.62;10;9870304539;S
20240318;100220;299.66;80;9870304568;B
20240318;100220;299.66;1870;9870304596;B
20240318;100220;299.66;210;9870304597;B
20240318;100220;299.66;1210;9870304631;B
20240318;100221;299.62;40;9870304735;S
20240318;100221;299.61;120;9870304736;S
20240318;100221;299.6;20;9870304737;S
20240318;100221;299.6;20;9870304738;S
20240318;100222;299.62;50;9870305040;B
20240318;100222;299.65;100;9870305041;B
20240318;100223;299.62;120;9870305244;B
20240318;100224;299.62;20;9870305360;B
20240318;100224;299.61;40;9870305399;S
20240318;100224;299.62;10;9870305427;B
20240318;100224;299.61;10;9870305441;S
20240318;100224;299.61;450;9870305454;S
20240318;100224;299.6;900;9870305455;S
20240318;100224;299.6;400;9870305456;S
20240318;100224;299.59;50;9870305457;S
20240318;100224;299.59;610;9870305458;S
20240318;100224;299.58;2000;9870305459;S
20240318;100224;299.58;590;9870305460;S
20240318;100225;299.62;60;9870305583;B
20240318;100225;299.62;290;9870305663;B
20240318;100225;299.65;2890;9870305664;B
20240318;100226;299.61;70;9870305785;S
20240318;100226;299.59;50;9870305786;S
20240318;100226;299.58;160;9870305787;S
20240318;100226;299.57;2000;9870305788;S
20240318;100226;299.57;610;9870305789;S
20240318;100226;299.57;400;9870305790;S
20240318;100226;299.56;340;9870305791;S
20240318;100226;299.56;630;9870305792;S
20240318;100226;299.56;610;9870305793;S
20240318;100226;299.55;80;9870305794;S
20240318;100226;299.56;150;9870305861;S
20240318;100226;299.64;30;9870305945;B
20240318;100226;299.64;200;9870305947;B
20240318;100227;299.62;210;9870306037;S
20240318;100227;299.56;50;9870306063;S
20240318;100228;299.6;10;9870306195;B
20240318;100228;299.6;50;9870306274;B
20240318;100229;299.6;230;9870306606;B
20240318;100229;299.6;470;9870306607;B
20240318;100229;299.6;30;9870306622;B
20240318;100229;299.61;10;9870306623;B
20240318;100229;299.62;60;9870306624;B
20240318;100230;299.56;40;9870306827;S
20240318;100230;299.58;100;9870306867;B
20240318;100230;299.58;100;9870306884;B
20240318;100230;299.61;100;9870306946;B
20240318;100231;299.61;30;9870307058;B
20240318;100232;299.6;10;9870307146;B
20240318;100232;299.61;10;9870307147;B
20240318;100233;299.64;610;9870307439;B
20240318;100233;299.64;400;9870307440;B
20240318;100233;299.65;990;9870307441;B
20240318;100234;299.61;170;9870307670;S
20240318;100234;299.6;830;9870307671;S
20240318;100234;299.64;10;9870307678;B
20240318;100234;299.6;10;9870307790;S
20240318;100235;299.63;330;9870307965;B
20240318;100235;299.63;70;9870308028;B
20240318;100236;299.61;50;9870308099;S
20240318;100236;299.59;200;9870308100;S
20240318;100236;299.59;90;9870308111;S
20240318;100236;299.59;140;9870308295;S
20240318;100237;299.62;10;9870308516;B
20240318;100237;299.61;20;9870308556;B
20240318;100237;299.61;280;9870308587;B
20240318;100237;299.62;80;9870308588;B
20240318;100237;299.63;10;9870308621;B
20240318;100238;299.59;580;9870308770;S
20240318;100238;299.58;1000;9870308771;S
20240318;100238;299.58;400;9870308772;S
20240318;100238;299.58;20;9870308773;S
20240318;100238;299.56;50;9870308774;S
20240318;100238;299.56;1000;9870308775;S
20240318;100238;299.56;300;9870308776;S
20240318;100238;299.55;1250;9870308777;S
20240318;100238;299.58;100;9870308834;S
20240318;100239;299.6;200;9870308932;S
20240318;100239;299.63;20;9870308977;B
20240318;100239;299.63;500;9870309022;B
20240318;100239;299.6;340;9870309023;S
20240318;100239;299.6;1010;9870309024;S
20240318;100239;299.59;2140;9870309025;S
20240318;100239;299.58;260;9870309026;S
20240318;100239;299.58;400;9870309027;S
20240318;100239;299.56;40;9870309028;S
20240318;100239;299.55;910;9870309029;S
20240318;100240;299.6;190;9870309180;S
20240318;100240;299.59;210;9870309181;S
20240318;100241;299.63;70;9870309350;B
20240318;100241;299.63;50;9870309401;B
20240318;100241;299.63;40;9870309466;B
20240318;100241;299.63;40;9870309512;B
20240318;100242;299.64;10;9870309621;B
20240318;100242;299.64;80;9870309666;B
20240318;100243;299.64;50;9870309791;B
20240318;100243;299.64;30;9870309792;B
20240318;100244;299.62;1890;9870310045;S
20240318;100244;299.61;10;9870310046;S
20240318;100244;299.58;100;9870310047;S
20240318;100244;299.59;50;9870310060;S
20240318;100244;299.64;20;9870310107;B
20240318;100244;299.64;400;9870310108;B
20240318;100244;299.65;30;9870310112;B
20240318;100245;299.65;80;9870310437;B
20240318;100246;299.64;80;9870310517;S
20240318;100246;299.64;320;9870310518;S
20240318;100246;299.65;50;9870310599;B
20240318;100246;299.65;440;9870310644;B
20240318;100246;299.65;20;9870310681;B
20240318;100247;299.64;340;9870310780;S
20240318;100247;299.64;660;9870310781;S
20240318;100247;299.64;50;9870310819;B
20240318;100247;299.61;40;9870310865;S
20240318;100248;299.61;40;9870310978;S
20240318;100248;299.61;10;9870310985;S
20240318;100248;299.62;100;9870310993;B
20240318;100248;299.63;610;9870310994;B
20240318;100248;299.64;10;9870311068;S
20240318;100248;299.64;60;9870311170;S
20240318;100249;299.65;10;9870311321;B
20240318;100253;299.65;380;9870311905;B
20240318;100253;299.65;380;9870311919;B
20240318;100253;299.65;960;9870311962;B
20240318;100253;299.65;960;9870311982;B
20240318;100253;299.65;150;9870312119;B
20240318;100253;299.65;150;9870312123;B
20240318;100253;299.65;40;9870312175;B
20240318;100254;299.65;300;9870312375;B
20240318;100254;299.65;250;9870312376;B
20240318;100256;299.64;60;9870312805;S
20240318;100257;299.65;600;9870313016;B
20240318;100257;299.65;600;9870313051;B
20240318;100258;299.65;10;9870313187;B
20240318;100258;299.64;880;9870313228;S
20240318;100258;299.64;120;9870313229;S
20240318;100258;299.64;40;9870313236;S
20240318;100259;299.65;100;9870313526;B
20240318;100259;299.64;10;9870313539;S
20240318;100300;299.64;30;9870313797;S
20240318;100301;299.65;30;9870314121;B
20240318;100302;299.65;50;9870314137;B
20240318;100302;299.65;10;9870314196;B
20240318;100302;299.64;660;9870314212;S
20240318;100302;299.64;10;9870314213;S
20240318;100302;299.64;30;9870314214;S
20240318;100302;299.64;70;9870314215;S
20240318;100302;299.64;30;9870314216;S
20240318;100302;299.64;100;9870314321;S
20240318;100302;299.65;60;9870314326;B
20240318;100303;299.64;30;9870314521;S
20240318;100304;299.64;9130;9870314776;S
20240318;100305;299.64;300;9870314911;B
20240318;100305;299.64;10;9870314936;B
20240318;100305;299.64;330;9870314939;B
20240318;100307;299.64;10;9870315453;B
20240318;100307;299.63;500;9870315458;S
20240318;100307;299.63;900;9870315459;S
20240318;100307;299.62;70;9870315496;B
20240318;100307;299.62;20;9870315577;B
20240318;100307;299.6;80;9870315580;S
20240318;100308;299.6;100;9870315644;S
20240318;100308;299.62;10;9870315663;B
20240318;100308;299.6;60;9870315813;S
20240318;100308;299.62;300;9870315825;B
20240318;100308;299.62;610;9870315826;B
20240318;100308;299.63;1660;9870315827;B
20240318;100308;299.63;610;9870315828;B
20240318;100308;299.63;1420;9870315829;B
20240318;100309;299.62;500;9870315906;B
20240318;100309;299.61;10;9870315964;S
20240318;100311;299.62;10;9870316240;B
20240318;100311;299.61;50;9870316260;S
20240318;100311;299.61;280;9870316262;S
20240318;100311;299.61;1010;9870316263;S
20240318;100311;299.61;100;9870316264;S
20240318;100311;299.61;400;9870316265;S
20240318;100311;299.6;1290;9870316266;S
20240318;100311;299.6;7000;9870316267;S
20240318;100311;299.6;1200;9870316270;B
