<DATE>;<TIME>;<LAST>;<VOL>;<ID>;<OPER>
20240417;095939;308.65;10;10136988792;S
20240417;095939;308.65;50;10136988793;S
20240417;095939;308.65;10;10136988794;S
20240417;095939;308.65;20;10136988795;S
20240417;095939;308.65;40;10136988796;S
20240417;095939;308.65;20;10136988797;S
20240417;095939;308.65;10;10136988798;S
20240417;095939;308.65;150;10136988799;S
20240417;095939;308.65;10;10136988800;S
20240417;095939;308.65;30;10136988801;S
20240417;095939;308.65;70;10136988802;S
20240417;095939;308.65;10;10136988803;B
20240417;095939;308.65;10;10136988804;B
20240417;095939;308.65;10;10136988805;B
20240417;095939;308.65;100;10136988806;S
20240417;095939;308.65;10;10136988807;S
20240417;095939;308.65;70;10136988808;S
20240417;095939;308.65;20;10136988809;S
20240417;095939;308.65;1000;10136988810;S
20240417;095939;308.65;20;10136988811;S
20240417;095939;308.65;10;10136988812;S
20240417;095939;308.65;10;10136988813;B
20240417;095939;308.65;10;10136988814;B
20240417;095939;308.65;10;10136988815;B
20240417;095939;308.65;10;10136988816;B
20240417;095939;308.65;70;10136988817;B
20240417;095939;308.65;10;10136988818;B
20240417;095939;308.65;90;10136988819;B
20240417;095939;308.65;10;10136988820;B
20240417;095939;308.65;10;10136988821;B
20240417;095939;308.65;480;10136988822;S
20240417;095939;308.65;10;10136988823;S
20240417;095939;308.65;10;10136988824;S
20240417;095939;308.65;10;10136988825;S
20240417;095939;308.65;670;10136988826;S
20240417;095939;308.65;10;10136988827;S
20240417;095939;308.65;100;10136988828;S
20240417;095939;308.65;30;10136988829;S
20240417;095939;308.65;10;10136988830;S
20240417;095939;308.65;10;10136988831;S
20240417;095939;308.65;20;10136988832;S
20240417;095939;308.65;100;10136988833;S
20240417;095939;308.65;40;10136988834;S
20240417;095939;308.65;1500;10136988835;S
20240417;095939;308.65;50;10136988836;S
20240417;095939;308.65;280;10136988837;B
20240417;095939;308.65;30;10136988838;B
20240417;095939;308.65;100;10136988839;B
20240417;095939;308.65;160;10136988840;B
20240417;095939;308.65;310;10136988841;B
20240417;095939;308.65;250;10136988842;B
20240417;095939;308.65;7000;10136988843;B
20240417;095939;308.65;10;10136988844;B
20240417;095939;308.65;20;10136988845;B
20240417;095939;308.65;10;10136988846;B
20240417;095939;308.65;20;10136988847;B
20240417;095939;308.65;10;10136988848;B
20240417;095939;308.65;30;10136988849;B
20240417;095939;308.65;490;10136988850;B
20240417;095939;308.65;50;10136988851;B
20240417;095939;308.65;1690;10136988852;B
20240417;095939;308.65;8310;10136988853;B
20240417;095939;308.65;20;10136988854;B
20240417;095939;308.65;10;10136988855;B
20240417;095939;308.65;10;10136988856;B
20240417;095939;308.65;1000;10136988857;B
20240417;095939;308.65;5000;10136988858;B
20240417;095939;308.65;20;10136988859;B
20240417;095939;308.65;3000;10136988860;B
20240417;095939;308.65;10;10136988861;B
20240417;095939;308.65;5000;10136988862;B
20240417;095939;308.65;5000;10136988863;B
20240417;095939;308.65;2500;10136988864;B
20240417;095939;308.65;2500;10136988865;B
20240417;095939;308.65;2500;10136988866;B
20240417;095939;308.65;1000;10136988867;B
20240417;095939;308.65;2500;10136988868;B
20240417;095939;308.65;200;10136988869;B
20240417;095939;308.65;200;10136988870;B
20240417;095939;308.65;100;10136988871;S
20240417;095939;308.65;1000;10136988872;B
20240417;095939;308.65;1000;10136988873;B
20240417;095939;308.65;1000;10136988874;B
20240417;095939;308.65;2140;10136988875;B
20240417;095939;308.65;10;10136988876;B
20240417;095939;308.65;10;10136988877;B
20240417;095939;308.65;10;10136988878;S
20240417;095939;308.65;20;10136988879;S
20240417;095939;308.65;10;10136988880;B
20240417;095939;308.65;10;10136988881;B
20240417;095939;308.65;10;10136988882;B
20240417;095939;308.65;10;10136988883;B
20240417;095939;308.65;20;10136988884;B
20240417;095939;308.65;10;10136988885;B
20240417;095939;308.65;100;10136988886;S
20240417;095939;308.65;10;10136988887;B
20240417;095939;308.65;10;10136988888;B
20240417;095939;308.65;120;10136988889;B
20240417;095939;308.65;1080;10136988890;B
20240417;095939;308.65;10;10136988891;B
20240417;095939;308.65;10;10136988892;B
20240417;095939;308.65;600;10136988893;B
20240417;095939;308.65;300;10136988894;B
20240417;095939;308.65;90;10136988895;B
20240417;095939;308.65;300;10136988896;B
20240417;095939;308.65;100;10136988897;S
20240417;095939;308.65;10;10136988898;B
20240417;095939;308.65;10;10136988899;B
20240417;095939;308.65;120;10136988900;B
20240417;095939;308.65;10;10136988901;B
20240417;095939;308.65;420;10136988902;B
20240417;095939;308.65;1200;10136988903;B
20240417;095939;308.65;100;10136988904;B
20240417;095939;308.65;100;10136988905;B
20240417;095939;308.65;700;10136988906;B
20240417;095939;308.65;1340;10136988907;B
20240417;095939;308.65;1660;10136988908;B
20240417;095939;308.65;10;10136988909;B
20240417;095939;308.65;10;10136988910;B
20240417;095939;308.65;10;10136988911;B
20240417;095939;308.65;10;10136988912;B
20240417;095939;308.65;10;10136988913;B
20240417;095939;308.65;70;10136988914;B
20240417;095939;308.65;500;10136988915;B
20240417;095939;308.65;100;10136988916;S
20240417;095939;308.65;10;10136988917;S
20240417;095939;308.65;10;10136988918;B
20240417;095939;308.65;10;10136988919;B
20240417;095939;308.65;400;10136988920;B
20240417;095939;308.65;10;10136988921;B
20240417;095939;308.65;10;10136988922;B
20240417;095939;308.65;2900;10136988923;B
20240417;095939;308.65;20;10136988924;B
20240417;095939;308.65;10;10136988925;B
20240417;095939;308.65;40;10136988926;B
20240417;095939;308.65;450;10136988927;B
20240417;095939;308.65;3750;10136988928;B
20240417;095939;308.65;330;10136988929;B
20240417;095939;308.65;5000;10136988930;B
20240417;095939;308.65;140;10136988931;B
20240417;095939;308.65;10000;10136988932;B
20240417;095939;308.65;5780;10136988933;B
20240417;095939;308.65;50;10136988934;B
20240417;095939;308.65;40;10136988935;B
20240417;095939;308.65;10;10136988936;B
20240417;095939;308.65;20;10136988937;B
20240417;095939;308.65;1200;10136988938;B
20240417;095939;308.65;500;10136988939;B
20240417;095939;308.65;30;10136988940;B
20240417;095939;308.65;1000;10136988941;B
20240417;095939;308.65;500;10136988942;B
20240417;095939;308.65;100;10136988943;B
20240417;095939;308.65;10;10136988944;B
20240417;095939;308.65;20;10136988945;B
20240417;095939;308.65;40;10136988946;B
20240417;095939;308.65;20;10136988947;B
20240417;095939;308.65;10;10136988948;B
20240417;095939;308.65;20;10136988949;B
20240417;095939;308.65;650;10136988950;B
20240417;095939;308.65;350;10136988951;B
20240417;095939;308.65;20;10136988952;B
20240417;095939;308.65;90;10136988953;B
20240417;095939;308.65;50;10136988954;B
20240417;095939;308.65;10;10136988955;B
20240417;095939;308.65;1200;10136988956;B
20240417;095939;308.65;40;10136988957;B
20240417;095939;308.65;150;10136988958;B
20240417;095939;308.65;1980;10136988959;B
20240417;095939;308.65;10;10136988960;B
20240417;095939;308.65;1000;10136988961;B
20240417;095939;308.65;100;10136988962;B
20240417;095939;308.65;30;10136988963;B
20240417;095939;308.65;100;10136988964;B
20240417;095939;308.65;10;10136988965;B
20240417;095939;308.65;490;10136988966;B
20240417;095939;308.65;14370;10136988967;B
20240417;095939;308.65;5000;10136988968;B
20240417;095939;308.65;5000;10136988969;B
20240417;095939;308.65;500;10136988970;B
20240417;095939;308.65;5000;10136988971;B
20240417;095939;308.65;1700;10136988972;B
20240417;095939;308.65;6740;10136988973;B
20240417;095939;308.65;500;10136988974;B
20240417;095939;308.65;5760;10136988975;B
20240417;095939;308.65;5000;10136988976;B
20240417;095939;308.65;10;10136988977;B
20240417;095939;308.65;10;10136988978;B
20240417;095939;308.65;10;10136988979;B
20240417;095939;308.65;10;10136988980;B
20240417;100000;308.64;870;10136994716;B
20240417;100000;308.65;1130;10136994717;B
20240417;100000;308.65;2000;10136994720;B
20240417;100000;308.65;1000;10136994721;B
20240417;100000;308.65;70;10136994722;B
20240417;100000;308.65;100;10136994723;B
20240417;100000;308.66;90;10136994727;B
20240417;100000;308.66;150;10136994728;B
20240417;100000;308.68;10;10136994729;B
20240417;100000;308.68;20;10136994730;B
20240417;100000;308.68;20;10136994731;B
20240417;100000;308.7;10;10136994732;B
20240417;100000;308.7;10;10136994733;B
20240417;100000;308.7;70;10136994734;B
20240417;100000;308.7;10;10136994735;B
20240417;100000;308.7;1610;10136994736;B
20240417;100000;308.7;1630;10136994780;B
20240417;100000;308.7;370;10136994783;S
20240417;100000;308.66;30;10136994784;S
20240417;100000;308.66;870;10136994785;S
20240417;100000;308.71;10;10136994792;B
20240417;100000;308.71;500;10136994793;B
20240417;100000;308.73;20;10136994912;B
20240417;100000;308.73;870;10136994914;S
20240417;100000;308.75;50;10136994929;B
20240417;100000;308.75;10;10136994930;B
20240417;100000;308.75;500;10136994931;B
20240417;100000;308.75;500;10136994932;B
20240417;100000;308.77;550;10136994948;B
20240417;100000;308.77;10;10136994949;B
20240417;100000;308.77;500;10136994950;B
20240417;100000;308.78;10;10136994956;B
20240417;100000;308.78;490;10136994957;B
20240417;100000;308.78;80;10136994966;B
20240417;100000;308.78;100;10136994971;B
20240417;100000;308.78;330;10136994975;B
20240417;100000;308.78;50;10136994976;B
20240417;100000;308.78;20;10136994977;B
20240417;100000;308.79;500;10136994988;B
20240417;100000;308.79;10;10136994989;B
20240417;100000;308.8;2000;10136994990;B
20240417;100000;308.8;50;10136994991;B
20240417;100000;308.8;10;10136994992;B
20240417;100000;308.8;10;10136994993;B
20240417;100000;308.8;500;10136994994;B
20240417;100000;308.8;20;10136994995;B
20240417;100000;308.8;420;10136994996;B
20240417;100000;308.8;200;10136994997;B
20240417;100000;308.8;300;10136994998;B
20240417;100000;308.8;1580;10136994999;B
20240417;100000;308.8;1000;10136995000;B
20240417;100000;308.81;500;10136995001;B
20240417;100000;308.81;380;10136995002;B
20240417;100000;308.82;10;10136995003;B
20240417;100000;308.82;740;10136995004;B
20240417;100000;308.82;400;10136995005;B
20240417;100000;308.83;300;10136995006;B
20240417;100000;308.83;1000;10136995007;B
20240417;100000;308.84;10;10136995008;B
20240417;100000;308.84;5000;10136995009;B
20240417;100000;308.85;500;10136995010;B
20240417;100000;308.87;10;10136995011;B
20240417;100000;308.87;10;10136995012;B
20240417;100000;308.88;50;10136995013;B
20240417;100000;308.88;20;10136995014;B
20240417;100000;308.88;100;10136995015;B
20240417;100000;308.88;100;10136995016;B
20240417;100000;308.89;10;10136995017;B
20240417;100000;308.89;10;10136995018;B
20240417;100000;308.9;1290;10136995019;B
20240417;100000;308.9;10;10136995020;B
20240417;100000;308.9;70;10136995021;B
20240417;100000;308.9;860;10136995022;B
20240417;100000;308.91;500;10136995023;B
20240417;100000;308.91;60;10136995024;B
20240417;100000;308.91;10;10136995025;B
20240417;100000;308.91;30;10136995026;B
20240417;100000;308.93;20;10136995027;B
20240417;100000;308.94;16740;10136995028;B
20240417;100000;308.95;100;10136995029;B
20240417;100000;308.95;10;10136995030;B
20240417;100000;308.95;20000;10136995031;B
20240417;100000;308.97;10;10136995032;B
20240417;100000;308.97;100;10136995033;B
20240417;100000;308.97;200;10136995034;B
20240417;100000;308.97;10;10136995035;B
20240417;100000;308.97;10;10136995036;B
20240417;100000;308.98;10;10136995037;B
20240417;100000;308.98;100;10136995038;B
20240417;100000;308.98;10;10136995039;B
20240417;100000;308.98;270;10136995040;B
20240417;100000;308.98;20;10136995041;B
20240417;100000;308.98;350;10136995042;B
20240417;100000;308.99;90;10136995043;B
20240417;100000;308.99;130;10136995044;B
20240417;100000;308.99;10;10136995045;B
20240417;100000;308.99;210;10136995046;B
20240417;100000;308.99;10;10136995047;B
20240417;100000;308.99;3010;10136995048;B
20240417;100000;308.85;10;10136995064;B
20240417;100000;308.85;2000;10136995065;B
20240417;100000;308.92;2000;10136995066;B
20240417;100000;308.99;15020;10136995067;B
20240417;100000;308.99;1000;10136995068;B
20240417;100000;309;10000;10136995069;B
20240417;100000;309;6100;10136995070;B
20240417;100000;309;9100;10136995071;B
20240417;100000;309;200;10136995072;B
20240417;100000;309;3250;10136995073;B
20240417;100000;309;100;10136995074;B
20240417;100000;309;10;10136995075;B
20240417;100000;309;190;10136995076;B
20240417;100000;309;10;10136995077;B
20240417;100000;309;3000;10136995078;B
20240417;100000;309;120;10136995079;B
20240417;100000;309;50;10136995080;B
20240417;100000;309;10;10136995081;B
20240417;100000;309;10;10136995082;B
20240417;100000;309;50;10136995083;B
20240417;100000;309;470;10136995084;B
20240417;100000;309;400;10136995085;B
20240417;100000;309;560;10136995086;B
20240417;100000;309;50;10136995087;B
20240417;100000;309;500;10136995088;B
20240417;100000;309;10;10136995089;B
20240417;100000;309;30;10136995090;B
20240417;100000;309;10;10136995091;B
20240417;100000;309;20;10136995092;B
20240417;100000;309;60;10136995093;B
20240417;100000;309;10;10136995094;B
20240417;100000;309;400;10136995095;B
20240417;100000;309;60;10136995096;B
20240417;100000;309;10;10136995097;B
20240417;100000;309;10;10136995098;B
20240417;100000;309;5850;10136995099;B
20240417;100000;309;10;10136995100;B
20240417;100000;309;160;10136995101;B
20240417;100000;309;900;10136995102;B
20240417;100000;309;5000;10136995103;B
20240417;100000;309;390;10136995104;B
20240417;100000;309;260;10136995105;B
20240417;100000;309;400;10136995106;B
20240417;100000;309;10;10136995107;B
20240417;100000;309;120;10136995108;B
20240417;100000;309;1500;10136995109;B
20240417;100000;309;20;10136995110;B
20240417;100000;309;10;10136995111;B
20240417;100000;309;1000;10136995112;B
20240417;100000;309;50;10136995113;B
20240417;100000;309;10;10136995114;B
20240417;100000;309;50;10136995115;B
20240417;100000;309;90;10136995116;B
20240417;100000;309;20;10136995117;B
20240417;100000;309;100;10136995118;B
20240417;100000;309;30;10136995119;B
20240417;100000;309;10;10136995120;B
20240417;100000;309;20;10136995121;B
20240417;100000;309;100;10136995122;B
20240417;100000;309;40;10136995123;B
20240417;100000;309;70;10136995124;B
20240417;100000;309;2280;10136995125;B
20240417;100000;309;36670;10136995126;B
20240417;100000;308.78;10;10136995131;S
20240417;100000;309;30000;10136995135;B
20240417;100000;308.95;10;10136995145;B
20240417;100000;308.98;1990;10136995146;B
20240417;100000;308.98;1000;10136995150;B
20240417;100000;308.98;2000;10136995152;B
20240417;100000;308.99;400;10136995165;B
20240417;100000;308.99;600;10136995166;B
20240417;100000;309;1000;10136995174;B
20240417;100000;309;4990;10136995181;B
20240417;100000;309;1000;10136995190;B
20240417;100000;309;530;10136995192;B
20240417;100000;309;1000;10136995195;B
20240417;100000;309;110;10136995197;B
20240417;100000;309;2000;10136995198;B
20240417;100000;309;2000;10136995199;B
20240417;100000;309;800;10136995201;B
20240417;100000;309;200;10136995227;B
20240417;100000;309;1400;10136995228;B
20240417;100000;309;100;10136995229;B
20240417;100000;308.99;490;10136995230;S
20240417;100000;308.99;940;10136995231;S
20240417;100000;308.99;1070;10136995232;S
20240417;100000;309;200;10136995234;B
20240417;100000;309;1000;10136995241;B
20240417;100000;309;980;10136995244;B
20240417;100000;309;1900;10136995261;B
20240417;100000;308.99;200;10136995264;S
20240417;100000;308.99;420;10136995265;S
20240417;100000;309;1000;10136995271;B
20240417;100000;309;600;10136995272;B
20240417;100000;309;300;10136995273;B
20240417;100000;308.99;580;10136995274;S
20240417;100000;308.99;420;10136995275;S
20240417;100000;309;500;10136995276;B
20240417;100000;309;100;10136995277;B
20240417;100000;309;100;10136995278;B
20240417;100000;308.99;50;10136995280;S
20240417;100000;308.99;100;10136995283;S
20240417;100000;308.99;300;10136995288;S
20240417;100000;308.99;200;10136995289;S
20240417;100000;308.99;20;10136995293;S
20240417;100000;308.99;190;10136995296;S
20240417;100000;308.99;310;10136995297;S
20240417;100000;309;1100;10136995316;B
20240417;100000;308.99;10;10136995317;S
20240417;100000;308.99;50;10136995322;S
20240417;100000;308.99;100;10136995323;S
20240417;100000;309;600;10136995324;B
20240417;100000;309;1000;10136995327;B
20240417;100000;309;1000;10136995328;B
20240417;100000;309;100;10136995331;B
20240417;100000;309;100;10136995337;B
20240417;100000;308.99;650;10136995339;S
20240417;100000;309;400;10136995341;B
20240417;100000;309;1000;10136995346;B
20240417;100000;309;10;10136995347;B
20240417;100000;309;20;10136995348;B
20240417;100000;309;1770;10136995349;B
20240417;100000;309;820;10136995350;B
20240417;100000;309;180;10136995351;B
20240417;100000;309;620;10136995352;B
20240417;100000;309;1030;10136995353;B
20240417;100000;309;100;10136995354;B
20240417;100000;309;250;10136995355;B
20240417;100000;308.99;100;10136995356;S
20240417;100000;309;750;10136995357;B
20240417;100000;309;500;10136995358;B
20240417;100000;309;750;10136995359;B
20240417;100000;309;250;10136995360;B
20240417;100000;309;100;10136995361;B
20240417;100000;309;100;10136995362;B
20240417;100000;309;100;10136995363;B
20240417;100000;309;200;10136995364;B
20240417;100000;309;10;10136995365;B
20240417;100000;309;140;10136995366;B
20240417;100000;309;310;10136995369;B
20240417;100000;309;40;10136995370;B
20240417;100000;309;10;10136995371;B
20240417;100000;309;10;10136995372;B
20240417;100000;309;90;10136995373;B
20240417;100000;309;100;10136995374;B
20240417;100000;309;10;10136995375;B
20240417;100000;309;20;10136995376;B
20240417;100000;309;650;10136995377;B
20240417;100000;309;300;10136995379;B
20240417;100000;309;200;10136995383;B
20240417;100000;309;10;10136995384;B
20240417;100000;309;1490;10136995385;B
20240417;100000;309;2000;10136995395;B
20240417;100000;309;1700;10136995400;B
20240417;100000;309;100;10136995408;B
20240417;100000;309;300;10136995418;B
20240417;100000;309;1000;10136995419;B
20240417;100000;309;200;10136995422;B
20240417;100000;309;100;10136995437;B
20240417;100000;308.99;50;10136995438;S
20240417;100000;309;350;10136995441;B
20240417;100000;309;100;10136995442;B
20240417;100000;309;4500;10136995443;B
20240417;100000;309;100;10136995447;B
20240417;100000;308.99;40;10136995448;S
20240417;100000;308.99;60;10136995449;S
20240417;100000;308.99;10;10136995450;S
20240417;100000;309;100;10136995452;B
20240417;100000;308.99;10;10136995454;S
20240417;100000;309;300;10136995459;B
20240417;100000;308.99;100;10136995462;S
20240417;100000;308.99;80;10136995488;S
20240417;100000;309;430;10136995497;B
20240417;100000;308.99;500;10136995510;S
20240417;100000;308.99;20;10136995511;S
20240417;100000;309;100;10136995519;B
20240417;100000;309;2000;10136995520;B
20240417;100000;308.99;20;10136995527;S
20240417;100000;309;100;10136995528;B
20240417;100000;308.99;10;10136995530;S
20240417;100000;309;1800;10136995540;B
20240417;100000;309;200;10136995541;B
20240417;100000;309;400;10136995548;B
20240417;100000;308.99;190;10136995561;S
20240417;100000;308.99;230;10136995562;S
20240417;100000;309;700;10136995565;B
20240417;100000;309;1600;10136995566;B
20240417;100000;309;2760;10136995567;B
20240417;100000;309;500;10136995568;B
20240417;100000;309;100;10136995569;B
20240417;100000;309;100;10136995570;B
20240417;100000;309;300;10136995571;B
20240417;100000;308.99;300;10136995576;S
20240417;100000;308.99;200;10136995582;S
20240417;100000;309;190;10136995619;B
20240417;100000;308.99;10;10136995622;S
20240417;100000;309;330;10136995642;B
20240417;100000;308.99;660;10136995656;S
20240417;100000;308.99;340;10136995657;S
20240417;100000;309;100;10136995681;B
20240417;100000;309;100;10136995691;B
20240417;100000;309;800;10136995695;B
20240417;100000;309;100;10136995699;B
20240417;100001;309;100;10136995702;B
20240417;100001;309;400;10136995704;B
20240417;100001;309;1600;10136995708;B
20240417;100001;309.01;200;10136995712;B
20240417;100001;309.01;500;10136995713;B
20240417;100001;309.02;1400;10136995725;B
20240417;100001;309.02;200;10136995726;B
20240417;100001;309.02;100;10136995727;B
20240417;100001;309.07;100;10136995746;B
20240417;100001;309.07;20;10136995747;B
20240417;100001;309.07;100;10136995748;B
20240417;100001;309.08;10;10136995756;B
20240417;100001;309.08;10;10136995757;B
20240417;100001;309.08;20;10136995758;B
20240417;100001;309.08;10;10136995759;B
20240417;100001;309.08;20;10136995763;S
20240417;100001;309.09;500;10136995771;B
20240417;100001;309.09;10;10136995774;B
20240417;100001;309.1;50;10136995777;B
20240417;100001;309.1;70;10136995778;B
20240417;100001;309.09;300;10136995812;S
20240417;100001;309.1;30;10136995823;B
20240417;100001;309.1;970;10136995824;B
20240417;100001;309.1;30;10136995825;B
20240417;100001;309.1;40;10136995826;B
20240417;100001;309.1;80;10136995827;B
20240417;100001;309.11;70;10136995836;B
20240417;100001;309.11;500;10136995837;B
20240417;100001;309.11;10;10136995838;B
20240417;100001;309.11;350;10136995845;S
20240417;100001;309.11;400;10136995846;S
20240417;100001;309.11;410;10136995847;S
20240417;100001;309.11;870;10136995848;S
20240417;100001;309.11;10;10136995849;S
20240417;100001;309.12;10;10136995852;B
20240417;100001;309.12;300;10136995853;B
20240417;100001;309.12;20;10136995854;B
20240417;100001;309.12;700;10136995855;B
20240417;100001;309.12;510;10136995856;B
20240417;100001;309.13;490;10136995868;B
20240417;100001;309.13;610;10136995869;B
20240417;100001;309.13;1100;10136995885;B
20240417;100001;309.12;460;10136995889;S
20240417;100001;309.12;400;10136995890;S
20240417;100001;309.12;410;10136995891;S
20240417;100001;309.12;2000;10136995892;S
20240417;100001;309.11;410;10136995893;S
20240417;100001;309.11;3000;10136995894;S
20240417;100001;309.1;150;10136995895;S
20240417;100001;309.1;400;10136995896;S
20240417;100001;309.1;780;10136995897;S
20240417;100001;309.1;700;10136995898;S
20240417;100001;309.1;410;10136995899;S
20240417;100001;309.1;100;10136995900;S
20240417;100001;309.09;90;10136995901;S
20240417;100001;309.09;410;10136995902;S
20240417;100001;309.08;410;10136995903;S
20240417;100001;309.08;500;10136995904;S
20240417;100001;309.07;410;10136995905;S
20240417;100001;309.07;500;10136995906;S
20240417;100001;309.06;410;10136995907;S
20240417;100001;309.05;410;10136995908;S
20240417;100001;309.04;410;10136995909;S
20240417;100001;309.03;410;10136995910;S
20240417;100001;308.96;100;10136995911;S
20240417;100001;308.96;500;10136995912;S
20240417;100001;308.96;2000;10136995913;S
20240417;100001;308.95;300;10136995914;S
20240417;100001;308.86;2000;10136995915;S
20240417;100001;308.83;870;10136995916;S
20240417;100001;308.75;50;10136995917;S
20240417;100001;308.71;980;10136995918;S
20240417;100001;308.71;100;10136995919;S
20240417;100001;309.12;200;10136995927;B
20240417;100001;309.12;200;10136995931;B
20240417;100001;309.12;100;10136995937;B
20240417;100001;309.05;10;10136995942;B
20240417;100001;309.11;90;10136995943;B
20240417;100001;309.11;200;10136995944;B
20240417;100001;309.1;400;10136995946;B
20240417;100001;309.11;300;10136995947;B
20240417;100001;309.11;400;10136995949;B
20240417;100001;309.1;90;10136995951;B
20240417;100001;309.09;300;10136995954;B
20240417;100001;309.11;10;10136995980;S
20240417;100001;309.11;50;10136996004;S
20240417;100001;309.11;50;10136996027;S
20240417;100001;309.12;10;10136996035;B
20240417;100001;309.11;10;10136996064;S
20240417;100001;309.12;860;10136996089;B
20240417;100001;309.13;1020;10136996090;B
20240417;100001;309.12;490;10136996094;B
20240417;100001;309.11;10;10136996114;S
20240417;100001;309.12;200;10136996128;B
20240417;100001;309.12;170;10136996136;S
20240417;100001;309.12;690;10136996139;S
20240417;100001;309.13;300;10136996183;B
20240417;100001;309.13;1000;10136996187;B
20240417;100001;309.13;160;10136996192;B
20240417;100001;309.13;340;10136996193;B
20240417;100001;309.12;10;10136996235;S
20240417;100001;309.12;80;10136996239;S
20240417;100001;309.12;100;10136996248;S
20240417;100001;309.14;50;10136996280;B
20240417;100001;309.13;60;10136996309;S
20240417;100001;309.13;350;10136996310;S
20240417;100001;309.13;60;10136996311;S
20240417;100001;309.13;10;10136996316;S
20240417;100001;309.14;200;10136996327;B
20240417;100001;309.13;10;10136996352;S
20240417;100001;309.13;1000;10136996367;S
20240417;100001;309.13;50;10136996368;S
20240417;100001;309.14;10;10136996377;B
20240417;100001;309.13;10;10136996386;S
20240417;100001;309.13;410;10136996395;S
20240417;100001;309.13;590;10136996396;S
20240417;100001;309.11;280;10136996416;S
20240417;100001;309.1;100;10136996417;S
20240417;100001;309.1;410;10136996418;S
20240417;100001;309.1;100;10136996419;S
20240417;100001;309.1;300;10136996420;S
20240417;100001;309.1;100;10136996421;S
20240417;100001;309.1;900;10136996422;S
20240417;100001;309.1;2210;10136996423;S
20240417;100001;309.11;10;10136996435;S
20240417;100001;309.11;200;10136996443;S
20240417;100001;309.11;10;10136996461;S
20240417;100001;309.11;190;10136996474;S
20240417;100001;309.11;810;10136996475;S
20240417;100001;309.11;410;10136996478;S
20240417;100001;309.1;410;10136996479;S
20240417;100001;309.09;180;10136996480;S
20240417;100001;309.09;230;10136996481;S
20240417;100001;309.08;410;10136996482;S
20240417;100001;309.07;410;10136996483;S
20240417;100001;309.07;950;10136996484;S
20240417;100001;309.11;50;10136996487;S
20240417;100001;309.12;200;10136996497;B
20240417;100001;309.12;400;10136996512;B
20240417;100001;309.12;600;10136996513;B
20240417;100001;309.11;100;10136996516;B
20240417;100001;309.1;10;10136996517;S
20240417;100001;309.1;10;10136996522;S
20240417;100001;309.1;150;10136996523;S
20240417;100001;309.11;60;10136996556;S
20240417;100001;309.08;150;10136996561;S
20240417;100001;309.12;870;10136996572;B
20240417;100001;309.13;130;10136996573;B
20240417;100001;309.13;270;10136996576;B
20240417;100001;309.13;400;10136996577;B
20240417;100001;309.13;330;10136996578;B
20240417;100001;309.14;300;10136996579;B
20240417;100001;309.12;870;10136996582;S
20240417;100001;309.12;10;10136996588;S
20240417;100001;309.12;50;10136996611;S
20240417;100001;309.12;100;10136996616;S
20240417;100001;309.12;10;10136996644;S
20240417;100001;309.12;200;10136996653;S
20240417;100001;309.12;400;10136996660;S
20240417;100001;309.12;870;10136996661;S
20240417;100001;309.12;10;10136996664;S
20240417;100001;309.1;10;10136996672;S
20240417;100001;309.11;100;10136996675;S
20240417;100001;309.12;330;10136996676;B
20240417;100001;309.12;870;10136996677;B
20240417;100001;309.13;600;10136996678;B
20240417;100001;309.09;10;10136996679;S
20240417;100002;309.12;100;10136996721;B
20240417;100002;309.1;410;10136996729;S
20240417;100002;309.09;60;10136996730;S
20240417;100002;309.12;330;10136996731;B
20240417;100002;309.12;30;10136996734;S
20240417;100002;309.12;50;10136996740;S
20240417;100002;309.12;80;10136996776;S
20240417;100002;309.12;10;10136996796;S
20240417;100002;309.12;10;10136996797;S
20240417;100002;309.12;120;10136996800;S
20240417;100002;309.12;100;10136996836;S
20240417;100002;309.12;20;10136996860;S
20240417;100002;309.12;110;10136996864;S
20240417;100002;309.12;20;10136996882;S
20240417;100002;309.12;30;10136996885;S
20240417;100002;309.12;200;10136996886;S
20240417;100002;309.11;410;10136996887;S
20240417;100002;309.1;410;10136996888;S
20240417;100002;309.09;410;10136996889;S
20240417;100002;309.08;410;10136996890;S
20240417;100002;309.07;410;10136996891;S
20240417;100002;309.06;410;10136996892;S
20240417;100002;309.05;410;10136996893;S
20240417;100002;309.04;410;10136996894;S
20240417;100002;309.04;2990;10136996895;S
20240417;100002;309.04;10;10136996896;S
20240417;100002;309.1;400;10136996906;B
20240417;100002;309.1;870;10136996907;B
20240417;100002;309.11;830;10136996908;B
20240417;100002;309.11;50;10136996909;B
20240417;100002;309.12;350;10136996910;B
20240417;100002;309.12;1000;10136996911;B
20240417;100002;309.05;50;10136996932;S
20240417;100002;309.06;20;10136996966;S
20240417;100002;309.05;50;10136996972;S
20240417;100002;309.05;100;10136996973;S
20240417;100002;309.05;60;10136996974;S
20240417;100002;309.06;400;10136996976;S
20240417;100002;309.05;200;10136996977;S
20240417;100002;309.05;9400;10136996978;S
20240417;100002;309.06;10;10136996983;S
20240417;100002;309.06;10;10136997030;S
20240417;100002;309.06;190;10136997031;S
20240417;100002;309.06;160;10136997037;S
20240417;100002;309.09;100;10136997042;B
20240417;100002;309.09;230;10136997043;B
20240417;100002;309.09;870;10136997044;B
20240417;100002;309.09;1000;10136997048;S
20240417;100002;309.08;200;10136997049;B
20240417;100002;309.08;500;10136997050;B
20240417;100002;309.05;280;10136997051;S
20240417;100002;309.12;370;10136997053;B
20240417;100002;309.1;100;10136997054;S
20240417;100002;309.08;50;10136997055;S
20240417;100002;309.08;10;10136997056;S
20240417;100002;309.1;10;10136997086;S
20240417;100002;309.13;10;10136997093;B
20240417;100002;309.13;500;10136997107;B
20240417;100002;309.13;200;10136997108;B
20240417;100002;309.1;90;10136997124;S
20240417;100002;309.1;100;10136997125;S
20240417;100002;309.1;100;10136997126;S
20240417;100002;309.1;100;10136997127;S
20240417;100002;309.08;140;10136997128;S
20240417;100002;309.08;100;10136997129;S
20240417;100002;309.08;110;10136997130;S
20240417;100002;309.12;100;10136997134;B
20240417;100002;309.05;130;10136997138;S
20240417;100002;309.05;400;10136997139;S
20240417;100002;309.04;410;10136997140;S
20240417;100002;309.04;4060;10136997141;S
20240417;100002;309.04;10;10136997142;S
20240417;100002;309.04;100;10136997143;S
20240417;100002;309.05;100;10136997146;S
20240417;100002;309.05;50;10136997149;S
20240417;100002;309.05;400;10136997152;S
20240417;100002;309.05;70;10136997153;S
20240417;100002;309.12;10;10136997173;B
20240417;100002;309.11;100;10136997196;B
20240417;100002;309.06;150;10136997206;S
20240417;100002;309.06;10;10136997213;S
20240417;100002;309.06;100;10136997214;S
20240417;100002;309.06;40;10136997216;S
20240417;100002;309.13;500;10136997217;B
20240417;100002;309.06;20;10136997224;S
20240417;100002;309.06;10;10136997231;S
20240417;100002;309.06;10;10136997232;S
20240417;100002;309.06;10;10136997233;S
20240417;100002;309.12;10;10136997240;B
20240417;100002;309.05;50;10136997249;S
20240417;100002;309.05;2000;10136997257;S
20240417;100002;309.1;330;10136997260;B
20240417;100002;309.1;50;10136997261;B
20240417;100002;309.1;510;10136997272;B
20240417;100002;309.1;410;10136997274;S
20240417;100002;309.1;400;10136997276;S
20240417;100002;309.1;270;10136997277;S
20240417;100002;309.1;510;10136997281;S
20240417;100002;309.09;490;10136997282;S
20240417;100002;309.09;10;10136997289;S
20240417;100002;309.02;50;10136997290;S
20240417;100002;309.01;410;10136997291;S
20240417;100002;309;100;10136997292;S
20240417;100002;309;10;10136997293;S
20240417;100002;309;210;10136997294;S
20240417;100002;309;2000;10136997308;S
20240417;100002;308.99;50;10136997309;S
20240417;100002;308.99;450;10136997310;S
20240417;100002;309.06;400;10136997313;B
20240417;100002;309.07;380;10136997314;B
20240417;100002;309.07;1320;10136997315;B
20240417;100002;309.02;10;10136997322;S
20240417;100002;309.07;40;10136997327;S
20240417;100002;309.07;50;10136997345;S
20240417;100002;309.07;10;10136997354;S
20240417;100002;309.07;300;10136997364;S
20240417;100002;309.01;600;10136997365;S
20240417;100002;309;100;10136997366;S
20240417;100002;308.99;10;10136997381;S
20240417;100002;309;60;10136997382;B
20240417;100002;309.06;740;10136997383;B
20240417;100002;308.99;20;10136997384;S
20240417;100002;308.99;30;10136997403;S
20240417;100002;308.98;410;10136997450;S
20240417;100002;308.98;400;10136997451;S
20240417;100002;308.97;410;10136997452;S
20240417;100002;308.97;380;10136997453;S
20240417;100002;309;170;10136997458;B
20240417;100002;309;50;10136997459;B
20240417;100002;309;10;10136997460;B
20240417;100002;309;10;10136997461;S
20240417;100002;309.06;510;10136997477;B
20240417;100002;309.08;690;10136997478;B
20240417;100002;309.07;1900;10136997488;S
20240417;100002;309.05;330;10136997489;B
20240417;100002;309.06;70;10136997490;B
20240417;100002;309.06;410;10136997491;B
20240417;100002;309.05;40;10136997492;S
20240417;100002;309.09;50;10136997528;B
20240417;100002;309.06;30;10136997536;S
20240417;100002;309.06;50;10136997538;S
20240417;100002;309.07;400;10136997548;S
20240417;100002;309.06;440;10136997549;S
20240417;100002;309.07;20;10136997550;S
20240417;100002;309.07;110;10136997553;S
20240417;100002;309.07;10;10136997556;S
20240417;100002;309.06;100;10136997568;S
20240417;100002;309.06;10;10136997576;S
20240417;100002;309.06;100;10136997577;S
20240417;100002;309.06;20;10136997582;S
20240417;100002;309.06;70;10136997585;S
20240417;100002;309.07;10;10136997590;S
20240417;100002;309.08;200;10136997591;B
20240417;100002;309.06;840;10136997616;S
20240417;100002;309.06;400;10136997617;S
20240417;100002;309.04;410;10136997618;S
20240417;100002;309.03;410;10136997619;S
20240417;100002;309.03;970;10136997620;S
20240417;100002;309.03;30;10136997621;S
20240417;100002;309.03;310;10136997647;S
20240417;100002;309.13;510;10136997654;B
20240417;100002;309.13;340;10136997655;B
20240417;100002;309.03;10;10136997661;S
20240417;100002;309.03;10;10136997674;S
20240417;100002;309.03;10;10136997676;S
20240417;100002;309.11;50;10136997679;B
20240417;100002;309.12;450;10136997680;B
20240417;100002;309.03;50;10136997683;S
20240417;100002;309.03;10;10136997691;S
20240417;100002;309.03;10;10136997693;S
20240417;100002;309.03;20;10136997727;S
20240417;100002;309.03;380;10136997739;S
20240417;100002;309.03;620;10136997740;S
20240417;100002;309.03;100;10136997741;S
20240417;100002;309.04;30;10136997744;S
20240417;100002;309.04;40;10136997750;S
20240417;100002;309.07;20;10136997754;B
20240417;100002;309.12;180;10136997755;B
20240417;100002;309.04;80;10136997757;S
20240417;100002;309.04;10;10136997764;S
20240417;100002;309.04;10;10136997773;S
20240417;100002;309.04;100;10136997775;S
20240417;100002;309.04;20;10136997777;S
20240417;100002;309.08;100;10136997779;B
20240417;100002;309.04;400;10136997798;S
20240417;100002;309.03;490;10136997799;S
20240417;100002;309.03;30;10136997809;S
20240417;100002;309.03;10;10136997810;S
20240417;100002;309.03;60;10136997816;S
20240417;100002;309.03;20;10136997819;S
20240417;100002;309.03;10;10136997820;S
20240417;100002;309.07;880;10136997821;B
20240417;100002;309.08;100;10136997822;B
20240417;100002;309.08;20;10136997823;B
20240417;100002;309.08;2100;10136997824;B
20240417;100002;309.08;1000;10136997825;B
20240417;100002;309.08;1900;10136997826;B
20240417;100002;309.08;100;10136997829;B
20240417;100002;309.07;500;10136997831;B
20240417;100002;309.07;100;10136997833;B
20240417;100002;309.04;40;10136997836;S
20240417;100002;309.03;50;10136997867;S
20240417;100002;309.04;20;10136997869;S
20240417;100002;309.05;20;10136997871;S
20240417;100002;309.03;300;10136997873;S
20240417;100002;309.04;20;10136997874;S
20240417;100002;309.03;10;10136997875;S
20240417;100002;309.06;100;10136997880;B
20240417;100002;309.03;300;10136997896;S
20240417;100002;309.02;1000;10136997900;S
20240417;100002;309.06;400;10136997906;B
20240417;100002;309.06;100;10136997907;B
20240417;100003;309.03;100;10136997913;S
20240417;100003;309.07;10;10136997926;B
20240417;100003;309.07;10;10136997927;B
20240417;100003;309.03;100;10136997935;S
20240417;100003;309.02;80;10136997936;S
20240417;100003;309.07;10;10136997940;B
20240417;100003;309.07;20;10136997941;B
20240417;100003;309.09;140;10136997942;B
20240417;100003;309.09;330;10136997960;B
20240417;100003;309.09;100;10136997961;B
20240417;100003;309.04;400;10136997966;S
20240417;100003;309.03;110;10136997967;S
20240417;100003;309.04;10;10136997970;S
20240417;100003;309.04;100;10136997972;S
20240417;100003;309.08;10;10136998008;B
20240417;100003;309.08;1090;10136998009;S
20240417;100003;309.04;10;10136998012;S
20240417;100003;309.07;100;10136998017;B
20240417;100003;309.05;870;10136998018;S
20240417;100003;309.03;70;10136998019;S
20240417;100003;309.06;500;10136998020;B
20240417;100003;309.06;100;10136998023;B
20240417;100003;309.04;350;10136998029;S
20240417;100003;309.06;500;10136998038;B
20240417;100003;309.03;20;10136998056;S
20240417;100003;309.05;10;10136998062;S
20240417;100003;309.04;10;10136998069;S
20240417;100003;309.04;1000;10136998070;S
20240417;100003;309.04;40;10136998084;S
20240417;100003;309.06;100;10136998113;B
20240417;100003;309.06;200;10136998115;B
20240417;100003;309.04;50;10136998132;S
20240417;100003;309.04;10;10136998134;S
20240417;100003;309.04;2810;10136998141;S
20240417;100003;309.04;100;10136998151;S
20240417;100003;309.03;2000;10136998175;S
20240417;100003;309.07;50;10136998176;B
20240417;100003;309.03;10;10136998196;S
20240417;100003;309.08;50;10136998210;B
20240417;100003;309.03;20;10136998216;S
20240417;100003;309.03;50;10136998218;S
20240417;100003;309.03;100;10136998257;S
20240417;100003;309.03;20;10136998260;S
20240417;100003;309.03;10;10136998261;S
20240417;100003;309.07;50;10136998276;B
20240417;100003;309.07;200;10136998305;B
20240417;100003;309.06;10;10136998340;B
20240417;100003;309.06;10;10136998372;B
20240417;100003;309.06;860;10136998424;B
20240417;100003;309.07;140;10136998425;B
20240417;100003;309.04;10;10136998473;S
20240417;100003;309.04;100;10136998477;S
20240417;100003;309.07;110;10136998602;B
20240417;100003;309.07;90;10136998603;B
20240417;100003;309.04;10;10136998640;S
20240417;100003;309.04;280;10136998653;S
20240417;100003;309.04;700;10136998655;B
20240417;100003;309.03;10;10136998685;S
20240417;100004;309.02;100;10136998717;S
20240417;100004;309.01;10;10136998726;S
20240417;100004;309.01;400;10136998727;S
20240417;100004;309;580;10136998728;S
20240417;100004;309.02;50;10136998739;B
20240417;100004;309.04;20;10136998740;B
20240417;100004;309.05;220;10136998741;B
20240417;100004;309.03;100;10136998862;B
20240417;100004;309.02;330;10136999056;B
20240417;100004;309.02;670;10136999057;B
20240417;100004;309.04;20;10136999078;B
20240417;100004;309.04;100;10136999144;B
20240417;100004;309.03;10;10136999169;B
20240417;100004;309.03;100;10136999179;B
20240417;100004;309.03;220;10136999210;B
20240417;100005;309.01;10;10136999388;S
20240417;100005;309.05;100;10136999493;B
20240417;100005;309.05;100;10136999539;B
20240417;100005;309.02;150;10136999660;S
20240417;100005;309.04;400;10136999734;B
20240417;100005;309.05;3890;10136999735;B
20240417;100005;309.05;100;10137000016;B
20240417;100006;309.05;400;10137000023;B
20240417;100006;309.05;500;10137000030;B
20240417;100006;309.04;100;10137000038;B
20240417;100006;309.04;400;10137000051;B
20240417;100006;309.03;10;10137000276;S
20240417;100006;309.03;50;10137000279;S
20240417;100006;309.03;20;10137000306;S
20240417;100006;309.04;100;10137000319;B
20240417;100006;309.03;300;10137000322;S
20240417;100006;309.04;10;10137000326;B
20240417;100006;309.03;10;10137000344;S
20240417;100006;309.03;200;10137000393;S
20240417;100006;309.06;40;10137000547;B
20240417;100006;309.06;940;10137000564;B
20240417;100006;309.06;660;10137000565;B
20240417;100006;309.05;400;10137000708;S
20240417;100006;309.05;600;10137000709;S
20240417;100006;309.04;300;10137000718;B
20240417;100006;309.06;100;10137000867;B
20240417;100007;309.06;410;10137001025;B
20240417;100007;309.06;980;10137001026;B
20240417;100007;309.06;880;10137001027;B
20240417;100007;309.06;160;10137001028;B
20240417;100007;309.07;610;10137001029;B
20240417;100007;309.07;3100;10137001030;B
20240417;100007;309.07;400;10137001031;B
20240417;100007;309.08;10;10137001032;B
20240417;100007;309.08;580;10137001033;B
20240417;100007;309.08;300;10137001034;B
20240417;100007;309.1;5570;10137001035;B
20240417;100007;309.06;10;10137001061;B
20240417;100007;309.08;140;10137001089;B
20240417;100007;309.07;10;10137001603;S
20240417;100007;309.08;10;10137001645;B
20240417;100007;309.04;20;10137001648;S
20240417;100007;309.04;40;10137001649;S
20240417;100007;309.07;980;10137001656;B
20240417;100007;309.08;10600;10137001657;B
20240417;100007;309.09;370;10137001658;B
20240417;100007;309.09;400;10137001659;B
20240417;100007;309.1;11510;10137001660;B
20240417;100007;309.1;100;10137001661;B
20240417;100007;309.1;100;10137001662;B
20240417;100007;309.1;100;10137001663;B
20240417;100007;309.1;1000;10137001664;B
20240417;100007;309.1;50;10137001665;B
20240417;100007;309.1;500;10137001666;B
20240417;100007;309.1;10;10137001667;B
20240417;100007;309.1;10;10137001668;B
20240417;100007;309.11;500;10137001669;B
20240417;100007;309.12;10;10137001670;B
20240417;100007;309.12;500;10137001671;B
20240417;100007;309.12;410;10137001672;B
20240417;100007;309.13;410;10137001673;B
20240417;100007;309.13;590;10137001674;B
20240417;100007;309.14;5340;10137001675;B
20240417;100007;309.14;410;10137001676;B
20240417;100007;309.15;4200;10137001677;B
20240417;100007;309.15;10;10137001678;B
20240417;100007;309.15;410;10137001679;B
20240417;100007;309.16;10;10137001680;B
20240417;100007;309.16;410;10137001681;B
20240417;100007;309.16;2000;10137001682;B
20240417;100007;309.17;10;10137001683;B
20240417;100007;309.17;2000;10137001684;B
20240417;100007;309.17;10;10137001685;B
20240417;100007;309.17;410;10137001686;B
20240417;100007;309.18;10;10137001687;B
20240417;100007;309.18;20;10137001688;B
20240417;100007;309.18;410;10137001689;B
20240417;100007;309.19;410;10137001690;B
20240417;100007;309.19;870;10137001691;B
20240417;100007;309.2;2000;10137001692;B
20240417;100007;309.2;2910;10137001693;B
20240417;100007;309.19;400;10137001702;B
20240417;100007;309.19;700;10137001703;B
20240417;100007;309.07;410;10137001738;S
20240417;100007;309.07;400;10137001739;S
20240417;100007;309.07;870;10137001740;S
20240417;100007;309.06;27260;10137001741;S
20240417;100007;309.06;410;10137001742;S
20240417;100007;309.06;800;10137001743;S
20240417;100007;309.17;10;10137001748;B
20240417;100007;309.06;100;10137001752;S
20240417;100007;309.06;400;10137001765;S
20240417;100007;309.06;410;10137001766;S
20240417;100007;309.06;500;10137001769;B
20240417;100007;309.06;200;10137001772;B
20240417;100007;309.06;500;10137001775;B
20240417;100007;309.06;200;10137001776;B
20240417;100007;309.06;100;10137001780;B
20240417;100007;309.06;100;10137001782;B
20240417;100007;309.06;10;10137001965;B
20240417;100007;309.06;10;10137002027;B
20240417;100007;309.06;10;10137002054;B
20240417;100007;309.04;60;10137002055;S
20240417;100007;309.06;10;10137002058;B
20240417;100007;309.06;10;10137002062;B
20240417;100007;309.04;10;10137002072;S
20240417;100007;309.04;10;10137002074;S
20240417;100008;309.05;20;10137002346;S
20240417;100008;309.05;80;10137002347;S
20240417;100008;309.06;320;10137002431;B
20240417;100008;309.05;30;10137002527;S
20240417;100008;309.06;10;10137002534;B
20240417;100008;309.05;30;10137002578;S
20240417;100008;309.06;400;10137002591;B
20240417;100008;309.06;1000;10137002592;B
20240417;100008;309.06;100;10137002593;B
20240417;100008;309.06;100;10137002639;B
20240417;100008;309.05;60;10137002725;S
20240417;100008;309.06;10;10137002741;B
20240417;100008;309.06;10;10137002743;B
20240417;100008;309.06;10;10137002744;B
20240417;100008;309.05;60;10137002867;S
20240417;100008;309.06;500;10137003046;B
20240417;100008;309.06;80;10137003185;B
20240417;100008;309.14;20;10137003186;B
20240417;100008;309.05;50;10137003215;S
20240417;100009;309.14;660;10137003364;B
20240417;100009;309.08;10;10137003467;S
20240417;100009;309.14;10;10137003472;B
20240417;100009;309.09;90;10137003476;S
20240417;100009;309.09;50;10137003478;S
20240417;100009;309.14;200;10137003482;B
20240417;100009;309.14;100;10137003675;B
20240417;100009;309.1;400;10137003703;S
20240417;100009;309.09;840;10137003704;S
20240417;100009;309.09;880;10137003705;S
20240417;100009;309.09;330;10137003706;S
20240417;100009;309.08;500;10137003707;S
20240417;100009;309.08;410;10137003708;S
20240417;100009;309.07;410;10137003709;S
20240417;100009;309.06;230;10137003710;S
20240417;100009;309.13;10;10137003718;B
20240417;100009;309.13;50;10137003721;B
20240417;100009;309.14;10;10137003723;B
20240417;100009;309.07;400;10137003814;S
20240417;100009;309.06;180;10137003815;S
20240417;100009;309.06;510;10137003816;S
20240417;100009;309.06;100;10137003817;S
20240417;100009;309.13;10;10137003939;B
20240417;100009;309.13;10;10137003941;B
20240417;100009;309.06;10;10137003942;S
20240417;100009;309.13;10;10137003944;B
20240417;100009;309.13;70;10137003968;B
20240417;100009;309.14;130;10137003969;B
20240417;100009;309.14;1000;10137004044;B
20240417;100009;309.13;870;10137004122;B
20240417;100009;309.14;130;10137004123;B
20240417;100009;309.06;20;10137004333;S
20240417;100009;309.14;10;10137004425;B
20240417;100009;309.14;10;10137004426;B
20240417;100009;309.14;240;10137004455;B
20240417;100009;309.14;10;10137004456;B
20240417;100009;309.16;50;10137004457;B
20240417;100010;309.1;1000;10137004699;B
20240417;100010;309.15;410;10137004700;B
20240417;100010;309.15;400;10137004701;B
20240417;100010;309.16;410;10137004702;B
20240417;100010;309.17;410;10137004703;B
20240417;100010;309.18;410;10137004704;B
20240417;100010;309.18;10;10137004705;B
20240417;100010;309.17;50;10137005059;B
20240417;100010;309.11;20;10137005102;S
20240417;100010;309.17;10;10137005207;B
20240417;100010;309.18;10;10137005269;B
20240417;100010;309.18;180;10137005270;B
20240417;100010;309.1;10;10137005282;S
20240417;100010;309.16;660;10137005395;B
20240417;100010;309.16;10;10137005433;B
20240417;100010;309.1;980;10137005524;S
20240417;100010;309.1;590;10137005525;S
20240417;100010;309.17;150;10137005649;B
20240417;100010;309.17;10;10137005662;B
20240417;100010;309.18;140;10137005683;B
20240417;100010;309.18;10;10137005691;B
20240417;100010;309.12;10;10137005712;S
20240417;100010;309.11;20;10137005715;S
20240417;100010;309.18;10;10137005719;B
20240417;100010;309.12;10;10137005732;S
20240417;100010;309.17;10;10137005738;B
20240417;100010;309.18;200;10137005778;B
20240417;100010;309.18;20;10137005798;B
20240417;100010;309.15;400;10137005988;B
20240417;100010;309.17;990;10137005989;B
20240417;100011;309.12;220;10137006010;S
20240417;100011;309.15;20;10137006048;B
20240417;100011;309.17;40;10137006055;B
20240417;100011;309.13;10;10137006114;B
20240417;100011;309.12;70;10137006125;S
20240417;100011;309.17;2000;10137006151;B
20240417;100011;309.18;40;10137006152;B
20240417;100011;309.18;410;10137006153;B
20240417;100011;309.18;400;10137006154;B
20240417;100011;309.19;410;10137006155;B
20240417;100011;309.2;1740;10137006156;B
20240417;100011;309.13;20;10137006186;S
20240417;100011;309.18;30;10137006239;B
20240417;100011;309.19;10;10137006353;B
20240417;100011;309.19;100;10137006412;B
20240417;100011;309.15;10;10137006414;S
20240417;100011;309.19;30;10137006545;B
20240417;100011;309.15;10;10137006587;S
20240417;100011;309.19;400;10137006624;B
20240417;100011;309.19;440;10137006625;B
20240417;100011;309.16;150;10137006628;S
20240417;100011;309.17;20;10137006656;S
20240417;100011;309.19;20;10137006740;B
20240417;100011;309.19;20;10137006749;B
20240417;100011;309.19;10;10137006758;B
20240417;100011;309.19;180;10137006787;B
20240417;100011;309.18;500;10137006790;B
20240417;100011;309.18;80;10137006791;B
20240417;100011;309.19;30;10137006796;B
20240417;100011;309.19;20;10137006823;B
20240417;100012;309.17;80;10137006869;S
20240417;100012;309.18;10;10137006914;B
20240417;100012;309.18;400;10137006915;B
20240417;100012;309.19;1290;10137006916;B
20240417;100012;309.17;10;10137006924;S
20240417;100012;309.18;10;10137007012;S
20240417;100012;309.18;390;10137007034;S
20240417;100012;309.18;870;10137007035;S
20240417;100012;309.16;10;10137007036;S
20240417;100012;309.14;20;10137007037;S
20240417;100012;309.14;500;10137007038;S
20240417;100012;309.13;10;10137007039;S
20240417;100012;309.12;210;10137007040;S
20240417;100012;309.12;50;10137007041;S
20240417;100012;309.11;10;10137007042;S
20240417;100012;309.11;880;10137007043;S
20240417;100012;309.11;980;10137007044;S
20240417;100012;309.11;70;10137007045;S
20240417;100012;309.19;250;10137007116;B
20240417;100013;309.19;50;10137007190;B
20240417;100013;309.19;200;10137007191;B
20240417;100013;309.17;330;10137007212;S
20240417;100013;309.17;670;10137007213;S
20240417;100013;309.19;200;10137007234;B
20240417;100013;309.19;50;10137007235;B
20240417;100013;309.18;250;10137007285;B
20240417;100013;309.18;10;10137007477;B
20240417;100013;309.19;20;10137007478;B
20240417;100014;309.17;300;10137007517;S
20240417;100014;309.18;500;10137007573;B
20240417;100014;309.18;50;10137007586;B
20240417;100014;309.18;70;10137007624;B
20240417;100014;309.19;300;10137007740;B
20240417;100014;309.15;870;10137007771;B
20240417;100014;309.16;1130;10137007772;B
20240417;100015;309.16;10;10137007828;B
20240417;100015;309.16;380;10137007968;B
20240417;100015;309.16;90;10137008021;B
20240417;100016;309.15;30;10137008049;S
20240417;100016;309.15;30;10137008060;S
20240417;100016;309.16;100;10137008141;B
20240417;100016;309.15;340;10137008165;S
20240417;100016;309.15;30;10137008166;S
20240417;100016;309.14;50;10137008167;S
20240417;100016;309.14;180;10137008168;S
20240417;100016;309.16;10;10137008221;B
20240417;100016;309.15;800;10137008260;B
20240417;100016;309.12;50;10137008268;S
20240417;100016;309.14;400;10137008284;B
20240417;100017;309.1;2000;10137008375;S
20240417;100017;309.1;500;10137008376;S
20240417;100017;309.11;700;10137008377;B
20240417;100017;309.11;100;10137008378;B
20240417;100017;309.1;100;10137008380;B
20240417;100017;309.1;400;10137008381;B
20240417;100017;309.11;70;10137008384;B
20240417;100017;309.11;50;10137008385;B
20240417;100017;309.11;1880;10137008386;B
20240417;100017;309.11;100;10137008390;B
20240417;100017;309.11;10;10137008502;B
20240417;100018;309.11;200;10137008801;B
20240417;100018;309.11;860;10137008802;B
20240417;100018;309.11;100;10137008803;B
20240417;100018;309.11;20;10137008804;B
20240417;100018;309.11;20;10137008805;B
20240417;100018;309.11;2100;10137008806;B
20240417;100018;309.11;1000;10137008807;B
20240417;100018;309.11;1000;10137008808;B
20240417;100018;309.11;800;10137008809;B
20240417;100018;309.11;80;10137008810;B
20240417;100018;309.11;500;10137008811;B
20240417;100018;309.11;1000;10137008812;B
20240417;100018;309.11;50;10137008813;B
20240417;100018;309.11;90;10137008814;B
20240417;100018;309.12;20;10137008815;B
20240417;100018;309.12;260;10137008816;B
20240417;100019;309.1;30;10137008909;S
20240417;100019;309.1;380;10137008971;S
20240417;100019;309.1;620;10137008972;S
20240417;100019;309.13;130;10137008983;B
20240417;100019;309.1;500;10137008985;S
20240417;100019;309.1;10;10137008988;S
20240417;100019;309.1;120;10137009081;S
20240417;100020;309.1;280;10137009150;S
20240417;100020;309.1;940;10137009151;S
20240417;100020;309.1;410;10137009152;S
20240417;100020;309.1;10;10137009153;S
20240417;100020;309.09;310;10137009154;S
20240417;100020;309.11;300;10137009375;B
20240417;100020;309.11;400;10137009383;B
20240417;100021;309.11;20;10137009429;B
20240417;100021;309.11;440;10137009465;B
20240417;100021;309.11;10;10137009476;B
20240417;100021;309.12;190;10137009477;B
20240417;100021;309.12;100;10137009528;B
20240417;100022;309.1;20;10137009737;S
20240417;100022;309.1;30;10137009861;S
20240417;100022;309.1;50;10137009904;S
20240417;100022;309.11;250;10137009943;B
20240417;100023;309.11;10;10137009999;B
20240417;100023;309.11;500;10137010019;B
20240417;100023;309.11;400;10137010064;B
20240417;100023;309.11;100;10137010065;B
20240417;100023;309.12;260;10137010089;B
20240417;100023;309.12;240;10137010090;B
20240417;100023;309.12;10;10137010092;B
20240417;100023;309.12;500;10137010134;B
20240417;100024;309.13;370;10137010206;B
20240417;100024;309.13;500;10137010207;B
20240417;100024;309.13;500;10137010208;B
20240417;100024;309.14;20;10137010209;B
20240417;100024;309.14;300;10137010210;B
20240417;100024;309.15;10;10137010211;B
20240417;100024;309.15;3500;10137010212;B
20240417;100024;309.15;100;10137010213;B
20240417;100024;309.16;390;10137010214;B
20240417;100024;309.16;20;10137010215;B
20240417;100024;309.16;50;10137010216;B
20240417;100024;309.17;410;10137010217;B
20240417;100024;309.17;400;10137010218;B
20240417;100024;309.18;410;10137010219;B
20240417;100024;309.18;500;10137010220;B
20240417;100024;309.18;870;10137010221;B
20240417;100024;309.19;10;10137010222;B
20240417;100024;309.19;410;10137010223;B
20240417;100024;309.2;5350;10137010224;B
20240417;100024;309.2;10;10137010225;B
20240417;100024;309.2;60;10137010226;B
20240417;100024;309.2;100;10137010227;B
20240417;100024;309.2;1000;10137010228;B
20240417;100024;309.2;10;10137010229;B
20240417;100024;309.2;410;10137010230;B
20240417;100024;309.2;1000;10137010231;B
20240417;100024;309.2;20;10137010232;B
20240417;100024;309.2;1560;10137010233;B
20240417;100024;309.2;5610;10137010234;B
20240417;100024;309.2;20;10137010235;B
20240417;100024;309.2;1400;10137010236;B
20240417;100024;309.2;14680;10137010237;B
20240417;100024;309.2;90;10137010249;B
20240417;100024;309.14;330;10137010290;S
20240417;100024;309.14;510;10137010291;S
20240417;100024;309.13;160;10137010292;S
20240417;100024;309.19;200;10137010308;B
20240417;100024;309.19;100;10137010358;B
20240417;100024;309.17;50;10137010407;S
20240417;100024;309.17;50;10137010431;S
20240417;100024;309.18;400;10137010445;B
20240417;100024;309.19;100;10137010446;B
20240417;100025;309.17;40;10137010542;S
20240417;100025;309.2;200;10137010551;B
20240417;100025;309.19;10;10137010552;S
20240417;100025;309.18;980;10137010636;S
20240417;100025;309.17;60;10137010637;S
20240417;100025;309.17;330;10137010638;S
20240417;100025;309.17;880;10137010639;S
20240417;100025;309.17;400;10137010640;S
20240417;100025;309.17;510;10137010641;S
20240417;100025;309.17;870;10137010642;S
20240417;100025;309.16;2000;10137010643;S
20240417;100025;309.15;7380;10137010644;S
20240417;100026;309.17;10;10137010667;S
20240417;100026;309.17;200;10137010690;S
20240417;100026;309.2;10;10137010718;B
20240417;100026;309.2;400;10137010726;B
20240417;100026;309.2;20;10137010728;B
20240417;100026;309.2;1000;10137010748;B
20240417;100026;309.2;50;10137010845;B
20240417;100027;309.2;3550;10137010974;B
20240417;100027;309.21;740;10137010975;B
20240417;100027;309.21;500;10137010976;B
20240417;100027;309.22;450;10137010977;B
20240417;100027;309.22;50;10137010978;B
20240417;100027;309.23;410;10137010979;B
20240417;100027;309.23;400;10137010980;B
20240417;100027;309.24;100;10137010981;B
20240417;100027;309.24;1480;10137010982;B
20240417;100027;309.24;10;10137010983;B
20240417;100027;309.24;410;10137010984;B
20240417;100027;309.24;100;10137010985;B
20240417;100027;309.25;10;10137010986;B
20240417;100027;309.25;4410;10137010987;B
20240417;100027;309.25;100;10137011029;B
20240417;100027;309.2;510;10137011036;S
20240417;100027;309.19;340;10137011037;S
20240417;100027;309.25;10000;10137011089;B
20240417;100027;309.21;400;10137011097;S
20240417;100027;309.2;10;10137011098;S
20240417;100027;309.19;880;10137011099;S
20240417;100027;309.19;330;10137011100;S
20240417;100027;309.19;480;10137011101;S
20240417;100027;309.25;10;10137011108;B
20240417;100028;309.23;10;10137011144;B
20240417;100028;309.2;980;10137011163;S
20240417;100028;309.19;880;10137011164;S
20240417;100028;309.19;140;10137011165;S
20240417;100028;309.18;500;10137011178;S
20240417;100028;309.18;10;10137011179;S
20240417;100028;309.18;2710;10137011180;S
20240417;100028;309.21;10;10137011202;B
20240417;100028;309.21;500;10137011231;B
20240417;100028;309.19;10;10137011235;S
20240417;100028;309.21;10;10137011241;B
20240417;100028;309.21;10;10137011242;B
20240417;100028;309.2;400;10137011245;B
20240417;100028;309.2;400;10137011344;B
20240417;100028;309.21;30;10137011345;B
20240417;100028;309.21;70;10137011346;B
20240417;100029;309.2;100;10137011385;B
20240417;100029;309.2;300;10137011386;B
20240417;100029;309.21;100;10137011387;B
20240417;100029;309.19;10;10137011441;S
20240417;100029;309.17;10;10137011442;S
20240417;100029;309.15;30;10137011443;S
20240417;100029;309.22;900;10137011449;B
20240417;100029;309.21;400;10137011512;B
20240417;100029;309.21;100;10137011527;S
20240417;100030;309.19;10;10137011723;B
20240417;100030;309.13;20;10137011738;S
20240417;100030;309.17;100;10137011797;B
20240417;100031;309.19;650;10137011848;B
20240417;100031;309.12;410;10137012044;S
20240417;100031;309.12;90;10137012045;S
20240417;100032;309.21;900;10137012072;B
20240417;100032;309.21;100;10137012073;B
20240417;100032;309.17;10;10137012114;S
20240417;100032;309.2;100;10137012133;B
20240417;100032;309.21;340;10137012161;B
20240417;100032;309.22;200;10137012165;B
20240417;100032;309.22;200;10137012166;B
20240417;100032;309.22;100;10137012167;B
20240417;100032;309.22;100;10137012168;B
20240417;100032;309.22;200;10137012169;B
20240417;100032;309.22;10;10137012174;B
20240417;100032;309.22;100;10137012175;B
20240417;100032;309.22;100;10137012176;B
20240417;100032;309.22;200;10137012177;B
20240417;100032;309.22;100;10137012182;B
20240417;100032;309.22;100;10137012183;B
20240417;100032;309.22;100;10137012184;B
20240417;100032;309.22;100;10137012185;B
20240417;100032;309.22;200;10137012196;B
20240417;100032;309.22;100;10137012197;B
20240417;100032;309.22;100;10137012198;B
20240417;100032;309.22;200;10137012199;B
20240417;100032;309.22;100;10137012201;B
20240417;100032;309.22;100;10137012202;B
20240417;100032;309.22;100;10137012203;B
20240417;100032;309.22;100;10137012204;B
20240417;100032;309.22;200;10137012215;B
20240417;100032;309.22;100;10137012216;B
20240417;100032;309.22;190;10137012217;B
20240417;100032;309.23;10;10137012218;B
20240417;100032;309.23;200;10137012220;B
20240417;100032;309.23;100;10137012222;B
20240417;100032;309.23;100;10137012223;B
20240417;100032;309.23;100;10137012224;B
20240417;100032;309.23;90;10137012225;B
20240417;100032;309.23;10;10137012226;B
20240417;100032;309.22;100;10137012283;S
20240417;100032;309.22;50;10137012284;S
20240417;100033;309.22;980;10137012307;S
20240417;100033;309.21;160;10137012308;S
20240417;100033;309.21;300;10137012309;S
20240417;100033;309.21;100;10137012310;S
20240417;100033;309.2;200;10137012311;S
20240417;100033;309.19;400;10137012312;S
20240417;100033;309.19;370;10137012313;S
20240417;100033;309.24;500;10137012327;B
20240417;100033;309.2;10;10137012346;S
20240417;100033;309.2;390;10137012355;S
20240417;100033;309.17;10;10137012411;S
20240417;100034;309.14;120;10137012555;S
20240417;100034;309.15;330;10137012558;B
20240417;100034;309.15;310;10137012559;B
20240417;100034;309.15;220;10137012565;B
20240417;100034;309.15;100;10137012567;B
20240417;100034;309.19;10;10137012598;B
20240417;100034;309.2;90;10137012599;B
20240417;100034;309.2;20;10137012607;B
20240417;100034;309.2;180;10137012608;B
20240417;100034;309.2;150;10137012644;B
20240417;100034;309.2;400;10137012645;B
20240417;100034;309.21;450;10137012646;B
20240417;100035;309.2;100;10137012948;S
20240417;100035;309.2;100;10137012977;S
20240417;100035;309.2;100;10137013014;S
20240417;100035;309.2;200;10137013015;S
20240417;100036;309.2;100;10137013211;S
20240417;100036;309.16;10;10137013212;S
20240417;100036;309.14;20;10137013213;S
20240417;100037;309.2;30;10137013359;B
20240417;100037;309.13;10;10137013375;S
20240417;100037;309.19;100;10137013443;B
20240417;100037;309.19;100;10137013444;B
20240417;100037;309.19;200;10137013445;B
20240417;100037;309.19;400;10137013447;B
20240417;100037;309.19;100;10137013448;B
20240417;100037;309.19;100;10137013452;B
20240417;100037;309.2;100;10137013453;B
20240417;100037;309.2;20;10137013488;B
20240417;100037;309.2;180;10137013489;B
20240417;100037;309.16;120;10137013563;S
20240417;100038;309.18;870;10137013711;S
20240417;100038;309.17;880;10137013712;S
20240417;100038;309.17;150;10137013713;S
20240417;100038;309.16;330;10137013714;S
20240417;100038;309.16;510;10137013715;S
20240417;100038;309.16;2000;10137013716;S
20240417;100038;309.15;410;10137013717;S
20240417;100038;309.15;400;10137013718;S
20240417;100038;309.15;1100;10137013719;B
20240417;100038;309.15;400;10137013722;B
20240417;100038;309.15;500;10137013723;B
20240417;100038;309.13;10;10137013854;S
20240417;100039;309.13;320;10137013904;S
20240417;100039;309.13;510;10137013905;S
20240417;100039;309.13;170;10137013906;S
20240417;100039;309.14;330;10137013907;S
20240417;100039;309.15;1990;10137013961;B
20240417;100039;309.13;10;10137013966;S
20240417;100039;309.15;100;10137013969;B
20240417;100039;309.15;100;10137014007;B
20240417;100039;309.14;400;10137014088;S
20240417;100039;309.15;200;10137014098;B
20240417;100040;309.15;60;10137014107;B
20240417;100040;309.15;40;10137014108;B
20240417;100040;309.15;200;10137014109;B
20240417;100040;309.15;100;10137014110;B
20240417;100040;309.15;100;10137014111;B
20240417;100040;309.15;200;10137014113;B
20240417;100040;309.15;100;10137014114;B
20240417;100040;309.15;100;10137014115;B
20240417;100040;309.15;100;10137014116;B
20240417;100040;309.15;60;10137014117;B
20240417;100040;309.19;40;10137014118;B
20240417;100040;309.19;100;10137014119;B
20240417;100040;309.19;100;10137014127;B
20240417;100040;309.19;70;10137014130;B
20240417;100040;309.19;130;10137014131;B
20240417;100040;309.19;100;10137014132;B
20240417;100040;309.19;300;10137014133;B
20240417;100040;309.19;100;10137014134;B
20240417;100040;309.19;200;10137014136;B
20240417;100040;309.19;100;10137014137;B
20240417;100040;309.19;100;10137014138;B
20240417;100040;309.19;100;10137014139;B
20240417;100040;309.19;100;10137014140;B
20240417;100040;309.19;100;10137014141;B
20240417;100040;309.19;200;10137014142;B
20240417;100040;309.19;100;10137014143;B
20240417;100040;309.19;100;10137014144;B
20240417;100040;309.19;100;10137014146;B
20240417;100040;309.19;100;10137014157;B
20240417;100040;309.19;100;10137014158;B
20240417;100040;309.19;100;10137014159;B
20240417;100040;309.19;100;10137014175;B
20240417;100040;309.19;100;10137014185;B
20240417;100040;309.19;500;10137014284;B
20240417;100040;309.19;100;10137014285;B
20240417;100040;309.16;10;10137014301;S
20240417;100040;309.15;70;10137014390;S
20240417;100041;309.19;1450;10137014407;B
20240417;100041;309.15;330;10137014411;S
20240417;100041;309.15;400;10137014412;S
20240417;100041;309.14;730;10137014413;S
20240417;100041;309.19;200;10137014414;B
20240417;100041;309.15;1000;10137014451;S
20240417;100041;309.14;880;10137014456;S
20240417;100041;309.14;120;10137014457;S
20240417;100041;309.19;100;10137014624;B
20240417;100041;309.15;500;10137014704;S
20240417;100041;309.19;2500;10137014705;B
20240417;100042;309.19;50;10137014790;B
20240417;100042;309.19;100;10137014815;B
20240417;100042;309.19;100;10137014816;B
20240417;100042;309.19;100;10137014817;B
20240417;100042;309.19;70;10137014861;B
20240417;100042;309.19;100;10137014866;B
20240417;100043;309.19;10;10137014970;B
20240417;100043;309.19;100;10137015019;B
20240417;100043;309.19;100;10137015020;B
20240417;100043;309.19;100;10137015027;B
20240417;100043;309.19;20;10137015072;B
20240417;100043;309.19;100;10137015104;B
20240417;100043;309.13;1390;10137015235;S
20240417;100044;309.13;400;10137015266;B
20240417;100044;309.12;500;10137015297;S
20240417;100044;309.12;500;10137015298;S
20240417;100044;309.13;30;10137015461;B
20240417;100044;309.12;10;10137015462;S
20240417;100044;309.12;990;10137015473;S
20240417;100044;309.12;10;10137015474;S
20240417;100044;309.13;120;10137015517;B
20240417;100045;309.1;250;10137015549;S
20240417;100045;309.1;150;10137015555;S
20240417;100045;309.1;500;10137015627;S
20240417;100045;309.1;500;10137015628;S
20240417;100045;309.1;410;10137015629;S
20240417;100045;309.1;50;10137015630;S
20240417;100045;309.1;1000;10137015631;S
20240417;100045;309.1;2500;10137015632;S
20240417;100045;309.09;410;10137015633;S
20240417;100045;309.08;150;10137015634;S
20240417;100045;309.08;10;10137015635;S
20240417;100045;309.08;410;10137015636;S
20240417;100045;309.08;400;10137015637;S
20240417;100045;309.07;200;10137015638;S
20240417;100045;309.07;410;10137015639;S
20240417;100045;309.07;3000;10137015640;S
20240417;100045;309.06;410;10137015641;S
20240417;100045;309.05;500;10137015642;S
20240417;100045;309.05;10;10137015643;S
20240417;100045;309.05;410;10137015644;S
20240417;100045;309.04;10;10137015645;S
20240417;100045;309.04;50;10137015646;S
20240417;100045;309.04;410;10137015647;S
20240417;100045;309.04;1250;10137015648;S
20240417;100045;309.08;100;10137015663;B
20240417;100045;309.08;100;10137015696;B
20240417;100045;309.08;500;10137015697;B
20240417;100045;309.08;200;10137015698;B
20240417;100045;309.08;100;10137015699;B
20240417;100045;309.08;100;10137015700;B
20240417;100045;309.09;200;10137015744;S
20240417;100045;309.09;200;10137015745;S
20240417;100045;309.09;2000;10137015746;S
20240417;100045;309.09;1350;10137015747;S
20240417;100045;309.09;500;10137015766;S
20240417;100045;309.09;300;10137015798;B
20240417;100046;309.09;500;10137015800;B
20240417;100046;309.09;900;10137015802;B
20240417;100046;309.09;900;10137015803;B
20240417;100046;309.09;600;10137015804;B
20240417;100046;309.09;100;10137015805;B
20240417;100046;309.08;100;10137015841;B
20240417;100046;309.08;100;10137015862;B
20240417;100046;309.08;100;10137015865;B
20240417;100046;309.08;100;10137015866;B
20240417;100046;309.08;100;10137015867;B
20240417;100046;309.08;100;10137015925;B
20240417;100046;309.08;20;10137016026;B
20240417;100046;309.08;100;10137016040;B
20240417;100046;309.08;10;10137016059;B
20240417;100047;309.07;100;10137016140;S
20240417;100047;309.05;400;10137016141;S
20240417;100047;309.04;930;10137016243;S
20240417;100047;309.03;150;10137016281;S
20240417;100047;309.03;260;10137016302;S
20240417;100047;309.02;10;10137016303;S
20240417;100047;309.02;30;10137016304;S
20240417;100047;309.03;100;10137016306;B
20240417;100047;309.03;100;10137016307;B
20240417;100047;309.03;100;10137016308;B
20240417;100048;309.03;300;10137016340;B
20240417;100048;309.03;50;10137016366;B
20240417;100048;309.03;350;10137016367;B
20240417;100048;309.04;20;10137016410;B
20240417;100048;309.04;100;10137016415;B
20240417;100048;309.03;410;10137016419;S
20240417;100048;309.02;70;10137016508;S
20240417;100049;309.03;90;10137016586;B
20240417;100049;309.03;10;10137016587;B
20240417;100049;309.02;20;10137016632;S
20240417;100049;309.03;100;10137016832;B
20240417;100049;309.03;100;10137016833;B
20240417;100049;309.02;320;10137016834;S
20240417;100049;309.02;400;10137016835;S
20240417;100049;309.02;20;10137016836;S
20240417;100049;309.02;2150;10137016837;S
20240417;100049;309.01;20;10137016889;S
20240417;100049;309.03;10;10137016917;B
20240417;100050;309.02;30;10137016931;S
20240417;100050;309.03;100;10137016950;B
20240417;100050;309.02;500;10137016977;S
20240417;100050;309.03;100;10137016988;B
20240417;100050;309.01;40;10137017242;S
20240417;100051;309.02;100;10137017265;B
20240417;100051;309.01;10;10137017328;S
20240417;100051;309.02;100;10137017494;B
20240417;100051;309.02;300;10137017495;B
20240417;100051;309.02;100;10137017496;B
20240417;100051;309.02;500;10137017497;B
20240417;100051;309.02;30;10137017501;S
20240417;100051;309.03;100;10137017502;B
20240417;100051;309.03;100;10137017503;B
20240417;100051;309.03;100;10137017504;B
20240417;100051;309.03;100;10137017509;B
20240417;100051;309.03;180;10137017512;B
20240417;100051;309.03;100;10137017513;B
20240417;100051;309.03;10;10137017514;B
20240417;100051;309.03;10;10137017515;B
20240417;100051;309.04;100;10137017517;B
20240417;100051;309.04;10;10137017518;B
20240417;100051;309.05;10;10137017520;B
20240417;100051;309.05;10;10137017521;B
20240417;100051;309.06;780;10137017522;B
20240417;100051;309.06;100;10137017523;B
20240417;100051;309.06;330;10137017524;B
20240417;100051;309.06;70;10137017525;B
20240417;100051;309.06;100;10137017526;B
20240417;100051;309.05;870;10137017527;S
20240417;100051;309.04;90;10137017528;S
20240417;100051;309.04;40;10137017529;S
20240417;100051;309.06;230;10137017530;B
20240417;100051;309.06;1220;10137017531;B
20240417;100052;309.06;610;10137017551;B
20240417;100052;309.05;870;10137017554;S
20240417;100052;309.04;160;10137017555;S
20240417;100052;309.04;100;10137017556;S
20240417;100052;309.04;100;10137017557;S
20240417;100052;309.01;30;10137017558;S
20240417;100052;309.01;410;10137017559;S
20240417;100052;309;10;10137017560;S
20240417;100052;309;410;10137017561;S
20240417;100052;309;3000;10137017562;S
20240417;100052;309;100;10137017563;S
20240417;100052;309;400;10137017564;S
20240417;100052;308.99;410;10137017565;S
20240417;100052;308.99;10;10137017566;S
20240417;100052;308.98;10;10137017567;S
20240417;100052;308.98;410;10137017568;S
20240417;100052;308.97;410;10137017569;S
20240417;100052;308.96;410;10137017570;S
20240417;100052;308.96;2000;10137017571;S
20240417;100052;308.95;180;10137017572;S
20240417;100052;308.95;410;10137017573;S
20240417;100052;308.95;2000;10137017574;S
20240417;100052;308.94;410;10137017575;S
20240417;100052;308.93;410;10137017576;S
20240417;100052;308.93;2610;10137017577;S
20240417;100052;308.93;1140;10137017578;S
20240417;100052;308.92;410;10137017579;S
20240417;100052;308.92;2000;10137017580;S
20240417;100052;308.92;6180;10137017581;S
20240417;100052;309.01;400;10137017584;B
20240417;100052;309.01;10;10137017585;B
20240417;100052;309.01;290;10137017586;B
20240417;100052;309.01;400;10137017587;B
20240417;100052;309.01;400;10137017607;B
20240417;100052;309.01;500;10137017642;S
20240417;100052;309.01;400;10137017643;S
20240417;100052;309.01;400;10137017644;B
20240417;100052;309.01;400;10137017645;B
20240417;100052;309.01;10;10137017671;S
20240417;100052;309.01;400;10137017677;S
20240417;100052;309.01;2000;10137017678;S
20240417;100052;308.98;2600;10137017679;S
20240417;100052;309;100;10137017683;B
20240417;100052;309;100;10137017686;B
20240417;100052;308.99;200;10137017700;S
20240417;100052;309;100;10137017724;B
20240417;100052;309;100;10137017725;B
20240417;100053;309;100;10137017815;B
20240417;100053;308.99;970;10137017824;S
20240417;100053;308.99;2940;10137017825;S
20240417;100053;308.99;2500;10137017826;S
20240417;100053;308.99;2000;10137017827;S
20240417;100053;308.98;400;10137017828;S
20240417;100053;308.97;400;10137017829;S
20240417;100053;308.96;20;10137017830;S
20240417;100053;308.93;870;10137017831;S
20240417;100053;308.93;2000;10137017832;S
20240417;100053;308.92;410;10137017833;S
20240417;100053;308.91;10;10137017834;S
20240417;100053;308.91;410;10137017835;S
20240417;100053;308.9;100;10137017836;S
20240417;100053;308.9;350;10137017837;S
20240417;100053;308.9;410;10137017838;S
20240417;100053;308.9;510;10137017839;S
20240417;100053;308.89;410;10137017840;S
20240417;100053;308.89;2000;10137017841;S
20240417;100053;308.88;410;10137017842;S
20240417;100053;308.88;330;10137017843;S
20240417;100053;308.88;2000;10137017844;S
20240417;100053;308.87;10;10137017845;S
20240417;100053;308.87;2000;10137017846;S
20240417;100053;308.87;410;10137017847;S
20240417;100053;308.87;8000;10137017848;S
20240417;100053;308.86;410;10137017849;S
20240417;100053;308.86;8000;10137017850;S
20240417;100053;308.85;410;10137017851;S
20240417;100053;308.84;2000;10137017852;S
20240417;100053;308.84;410;10137017853;S
20240417;100053;308.84;2500;10137017854;S
20240417;100053;308.83;10;10137017855;S
20240417;100053;308.83;410;10137017856;S
20240417;100053;308.83;6000;10137017857;S
20240417;100053;308.82;300;10137017858;S
20240417;100053;308.82;400;10137017859;S
20240417;100053;308.8;150;10137017860;S
20240417;100053;308.8;2000;10137017861;S
20240417;100053;308.8;2000;10137017862;S
20240417;100053;308.79;8000;10137017863;S
20240417;100053;308.78;6000;10137017864;S
20240417;100053;308.77;1130;10137017865;S
20240417;100053;308.99;400;10137017869;B
20240417;100053;308.98;2000;10137017873;B
20240417;100053;308.97;410;10137017874;B
20240417;100053;308.97;190;10137017875;B
20240417;100053;308.97;200;10137017876;B
20240417;100053;308.97;10;10137017877;B
20240417;100053;308.97;390;10137017878;B
20240417;100053;308.99;100;10137017920;B
20240417;100053;308.99;100;10137017949;B
20240417;100053;308.98;250;10137017953;S
20240417;100053;308.99;100;10137018004;B
20240417;100053;308.99;110;10137018028;B
20240417;100053;308.99;90;10137018029;B
20240417;100053;308.98;10;10137018031;S
20240417;100053;308.98;10;10137018032;S
20240417;100054;308.98;130;10137018333;S
20240417;100054;308.92;370;10137018334;S
20240417;100054;308.95;50;10137018340;S
20240417;100054;308.96;100;10137018375;B
20240417;100054;308.95;40;10137018376;S
20240417;100054;308.96;100;10137018378;B
20240417;100054;308.96;100;10137018381;B
20240417;100054;308.96;100;10137018399;B
20240417;100055;308.97;410;10137018546;B
20240417;100055;308.98;410;10137018547;B
20240417;100055;308.98;180;10137018548;B
20240417;100055;308.97;30;10137018585;B
20240417;100055;308.97;10;10137018758;B
20240417;100055;308.96;400;10137018762;S
20240417;100055;308.96;1560;10137018763;S
20240417;100055;308.97;200;10137018768;B
20240417;100056;308.97;100;10137018998;B
20240417;100057;308.97;10;10137019129;B
20240417;100057;308.96;10;10137019225;S
20240417;100057;308.97;20;10137019305;B
20240417;100057;308.96;40;10137019309;S
20240417;100058;308.96;350;10137019451;S
20240417;100058;308.96;1650;10137019452;S
20240417;100058;308.97;40;10137019555;B
20240417;100058;308.97;60;10137019556;B
20240417;100058;308.97;100;10137019557;B
20240417;100058;308.97;200;10137019558;B
20240417;100058;308.97;100;10137019560;B
20240417;100058;308.97;100;10137019561;B
20240417;100058;308.97;200;10137019562;B
20240417;100058;308.97;200;10137019569;B
20240417;100058;308.97;40;10137019575;B
20240417;100058;308.97;50;10137019576;B
20240417;100058;308.97;10;10137019577;B
20240417;100058;308.97;200;10137019578;B
20240417;100058;308.97;290;10137019580;B
20240417;100058;308.97;10;10137019581;B
20240417;100058;308.97;400;10137019582;B
20240417;100058;308.97;100;10137019583;B
20240417;100058;308.97;100;10137019584;B
20240417;100058;308.97;300;10137019586;B
20240417;100058;308.97;100;10137019614;B
20240417;100058;308.97;10;10137019699;B
20240417;100059;308.97;100;10137019769;B
20240417;100059;308.96;10;10137019784;S
20240417;100059;308.97;400;10137019788;B
20240417;100059;308.96;10;10137019795;S
20240417;100059;308.96;500;10137019818;S
20240417;100100;308.97;30;10137019981;B
20240417;100100;308.96;20;10137020050;S
20240417;100100;308.96;10;10137020053;S
20240417;100100;308.97;30;10137020091;B
20240417;100100;308.97;100;10137020123;B
20240417;100100;308.97;400;10137020140;B
20240417;100100;308.97;100;10137020145;B
20240417;100100;308.96;20;10137020149;S
20240417;100101;308.97;320;10137020202;B
20240417;100101;308.97;50;10137020203;B
20240417;100101;308.97;200;10137020204;B
20240417;100101;308.97;40;10137020214;B
20240417;100101;308.96;10;10137020261;S
20240417;100101;308.96;10;10137020272;S
20240417;100102;308.96;60;10137020436;S
20240417;100102;308.97;170;10137020451;B
20240417;100102;308.97;30;10137020452;B
20240417;100102;308.97;100;10137020453;B
20240417;100102;308.97;100;10137020454;B
20240417;100102;308.97;200;10137020533;B
20240417;100102;308.97;70;10137020534;B
20240417;100102;308.97;230;10137020535;B
20240417;100102;308.97;300;10137020536;B
20240417;100103;308.97;200;10137020543;B
20240417;100103;308.97;200;10137020544;B
20240417;100103;308.97;70;10137020545;B
20240417;100103;308.97;20;10137020546;B
20240417;100103;308.97;10;10137020547;B
20240417;100103;308.97;300;10137020549;B
20240417;100103;308.97;100;10137020550;B
20240417;100103;308.98;100;10137020551;B
20240417;100103;308.98;100;10137020552;B
20240417;100103;308.98;100;10137020553;B
20240417;100103;308.98;110;10137020554;B
20240417;100103;308.98;100;10137020555;B
20240417;100103;308.99;90;10137020556;B
20240417;100103;308.99;100;10137020557;B
20240417;100103;308.99;400;10137020558;B
20240417;100103;308.99;100;10137020588;B
20240417;100103;308.99;100;10137020729;B
20240417;100104;308.98;10;10137020862;S
20240417;100104;308.98;50;10137020871;S
20240417;100105;308.98;810;10137020978;S
20240417;100105;308.98;2500;10137020979;S
20240417;100105;308.97;100;10137020980;S
20240417;100105;308.97;2000;10137020981;S
20240417;100105;308.96;200;10137020982;S
20240417;100105;308.96;2000;10137020983;S
20240417;100105;308.96;10;10137020984;S
20240417;100105;308.95;400;10137020985;S
20240417;100105;308.94;3000;10137020986;S
20240417;100105;308.92;2000;10137020987;S
20240417;100105;308.9;2000;10137020988;S
20240417;100105;308.9;30;10137020989;S
20240417;100105;308.98;20;10137021111;B
20240417;100105;308.99;80;10137021112;B
20240417;100105;308.96;10;10137021165;S
20240417;100106;308.99;40;10137021203;B
20240417;100106;308.99;160;10137021204;B
20240417;100106;308.99;100;10137021206;B
20240417;100106;308.99;150;10137021224;B
20240417;100106;308.99;100;10137021225;B
20240417;100106;308.99;10;10137021226;B
20240417;100106;308.99;500;10137021227;B
20240417;100106;308.99;200;10137021228;B
20240417;100106;308.99;100;10137021229;B
20240417;100106;308.99;20;10137021230;B
20240417;100106;309;8920;10137021231;B
20240417;100106;309;350;10137021237;B
20240417;100106;309;30;10137021238;B
20240417;100106;309;120;10137021239;B
20240417;100106;309;80;10137021240;B
20240417;100106;309;20;10137021241;B
20240417;100107;309;80;10137021404;B
20240417;100107;309;5000;10137021405;B
20240417;100107;309;300;10137021406;B
20240417;100107;309;1000;10137021407;B
20240417;100107;309;500;10137021408;B
20240417;100107;309;880;10137021409;B
20240417;100107;308.99;40;10137021488;S
20240417;100107;309;10;10137021499;B
20240417;100107;309;110;10137021516;B
20240417;100107;309;390;10137021517;B
20240417;100107;309;640;10137021548;B
20240417;100107;309.01;100;10137021666;B
20240417;100107;309.01;30;10137021667;B
20240417;100107;309.02;270;10137021668;B
20240417;100109;309.02;10;10137022259;B
20240417;100110;309.01;980;10137022390;S
20240417;100110;309.01;870;10137022391;S
20240417;100110;309;8000;10137022442;B
20240417;100111;308.99;40;10137022532;S
20240417;100111;308.99;20;10137022559;S
20240417;100111;308.99;600;10137022560;S
20240417;100111;308.99;200;10137022561;S
20240417;100111;308.99;400;10137022562;S
20240417;100111;308.99;10;10137022563;S
20240417;100111;308.99;870;10137022564;S
20240417;100111;308.99;400;10137022565;S
20240417;100111;308.97;500;10137022583;S
20240417;100111;308.97;100;10137022690;S
20240417;100112;309;300;10137023138;B
20240417;100113;309;10;10137023487;B
20240417;100114;309;1000;10137023572;B
20240417;100114;309;2000;10137023573;B
20240417;100115;308.99;80;10137023743;S
20240417;100115;308.96;20;10137023744;S
20240417;100115;308.96;100;10137023745;S
20240417;100115;308.99;110;10137023843;B
20240417;100115;308.96;200;10137023885;S
20240417;100115;308.96;10;10137023914;S
20240417;100115;308.98;80;10137023917;B
20240417;100115;308.98;10;10137023918;B
20240417;100115;308.99;390;10137023919;B
20240417;100115;308.99;410;10137023920;B
20240417;100115;308.99;510;10137023921;B
20240417;100115;309;100;10137023922;B
20240417;100116;308.99;10;10137023948;B
20240417;100116;308.97;400;10137023954;S
20240417;100116;308.97;1570;10137023955;S
20240417;100116;308.96;20;10137024053;S
20240417;100118;308.97;50;10137024395;B
20240417;100118;308.97;80;10137024396;B
20240417;100118;308.98;20;10137024397;B
20240417;100120;308.96;50;10137024739;S
20240417;100121;308.97;10;10137024899;B
20240417;100122;308.98;40;10137024941;B
20240417;100124;308.97;20;10137025317;S
20240417;100124;308.97;100;10137025322;S
20240417;100124;308.98;50;10137025424;B
20240417;100125;308.97;750;10137025556;S
20240417;100125;308.97;2500;10137025557;S
20240417;100125;308.96;1620;10137025558;S
20240417;100125;308.96;130;10137025559;S
20240417;100125;308.96;10;10137025602;S
20240417;100126;308.97;300;10137025634;B
20240417;100126;308.96;200;10137025720;S
20240417;100126;308.96;10;10137025726;S
20240417;100129;308.97;500;10137026237;B
20240417;100129;308.97;10;10137026317;B
20240417;100129;308.97;10;10137026321;B
20240417;100130;308.97;180;10137026398;B
20240417;100130;308.97;420;10137026399;B
20240417;100131;308.97;100;10137026617;B
20240417;100131;308.97;2000;10137026712;B
20240417;100133;308.96;20;10137027004;S
20240417;100133;308.96;80;10137027060;S
20240417;100133;308.96;2500;10137027061;S
20240417;100133;308.96;870;10137027062;S
20240417;100133;308.96;200;10137027063;S
20240417;100133;308.96;400;10137027064;S
20240417;100133;308.96;330;10137027065;S
20240417;100133;308.96;980;10137027066;S
20240417;100133;308.96;10;10137027067;S
20240417;100133;308.95;3000;10137027068;S
20240417;100133;308.94;1630;10137027069;S
20240417;100135;308.96;40;10137027327;S
20240417;100135;308.97;100;10137027382;B
20240417;100135;308.96;10;10137027394;S
20240417;100136;308.97;60;10137027411;B
20240417;100137;308.97;10;10137027571;B
20240417;100138;308.97;10;10137027786;B
20240417;100140;308.97;10;10137028030;B
20240417;100140;308.97;100;10137028072;B
20240417;100140;308.97;100;10137028285;B
20240417;100142;308.96;160;10137028507;S
20240417;100142;308.96;20;10137028681;S
20240417;100142;308.96;260;10137028682;S
20240417;100142;308.96;2960;10137028688;S
20240417;100142;308.96;40;10137028689;S
20240417;100143;308.97;300;10137028867;B
20240417;100144;308.96;20;10137028983;S
20240417;100144;308.96;500;10137029092;S
20240417;100145;308.95;10;10137029316;S
20240417;100146;308.96;50;10137029529;B
20240417;100147;308.96;10;10137029769;B
20240417;100148;308.96;820;10137029987;B
20240417;100148;308.96;330;10137029988;B
20240417;100148;308.96;690;10137029989;B
20240417;100148;308.95;20;10137030066;S
20240417;100149;308.95;10;10137030194;S
20240417;100149;308.96;10;10137030217;B
20240417;100149;308.95;100;10137030242;S
20240417;100149;308.95;30;10137030315;S
20240417;100150;308.96;20;10137030396;B
20240417;100152;308.95;910;10137030694;S
20240417;100152;308.95;1050;10137030695;S
20240417;100152;308.95;870;10137030775;S
20240417;100152;308.95;950;10137030776;S
20240417;100153;308.95;50;10137030892;S
20240417;100153;308.95;10;10137030941;S
20240417;100153;308.95;860;10137031011;S
20240417;100153;308.95;2000;10137031012;S
20240417;100153;308.95;290;10137031013;S
20240417;100154;308.95;40;10137031103;S
20240417;100154;308.95;800;10137031162;S
20240417;100154;308.95;200;10137031163;S
20240417;100154;308.95;100;10137031234;S
20240417;100154;308.96;10;10137031243;B
20240417;100155;308.95;2000;10137031404;S
20240417;100155;308.96;960;10137031418;B
20240417;100155;308.96;500;10137031419;B
20240417;100155;308.96;980;10137031420;B
20240417;100155;308.96;880;10137031421;B
20240417;100155;308.96;170;10137031422;B
20240417;100155;308.96;10;10137031423;B
20240417;100155;308.96;30;10137031424;B
20240417;100155;308.96;330;10137031425;B
20240417;100155;308.97;10;10137031426;B
20240417;100155;308.97;500;10137031427;B
20240417;100155;308.97;30;10137031428;B
20240417;100155;308.97;150;10137031429;B
20240417;100155;308.97;410;10137031430;B
20240417;100155;308.97;40;10137031431;B
20240417;100155;308.95;10;10137031432;S
20240417;100156;308.95;1000;10137031467;S
20240417;100156;308.96;10;10137031531;B
20240417;100157;308.95;890;10137031635;S
20240417;100158;308.95;1000;10137031810;S
20240417;100159;308.96;10;10137032118;B
20240417;100159;308.96;100;10137032153;B
20240417;100200;308.95;20;10137032388;S
20240417;100201;308.95;1000;10137032615;S
20240417;100201;308.95;30;10137032768;S
20240417;100201;308.95;110;10137032769;S
20240417;100201;308.95;110;10137032770;S
20240417;100201;308.95;10;10137032785;S
20240417;100201;308.94;10;10137032802;S
20240417;100201;308.94;990;10137032804;S
20240417;100201;308.94;2500;10137032805;S
20240417;100201;308.93;2510;10137032806;S
20240417;100203;308.95;100;10137033171;B
20240417;100203;308.95;300;10137033190;B
20240417;100204;308.95;10;10137033261;B
20240417;100204;308.95;190;10137033262;B
20240417;100204;308.94;10;10137033291;S
20240417;100204;308.95;100;10137033292;B
20240417;100204;308.95;40;10137033303;B
20240417;100204;308.95;20;10137033323;B
20240417;100205;308.95;10;10137033365;B
20240417;100205;308.94;990;10137033501;S
20240417;100205;308.94;10;10137033502;S
20240417;100205;308.95;100;10137033509;B
20240417;100205;308.94;10;10137033510;S
20240417;100206;308.94;10;10137033519;S
20240417;100207;308.94;2470;10137033708;S
20240417;100207;308.93;490;10137033709;S
20240417;100207;308.93;2000;10137033710;S
20240417;100207;308.92;40;10137033711;S
20240417;100207;308.94;870;10137033712;B
20240417;100207;308.94;30;10137033713;B
20240417;100207;308.93;130;10137033741;S
20240417;100207;308.94;10;10137033773;B
20240417;100208;308.94;250;10137033934;B
20240417;100208;308.94;120;10137033936;B
20240417;100208;308.94;80;10137033937;B
20240417;100208;308.94;500;10137033947;S
20240417;100208;308.95;100;10137033979;B
20240417;100209;308.95;440;10137034141;B
20240417;100209;308.95;160;10137034142;B
20240417;100209;308.95;100;10137034283;B
20240417;100211;308.95;740;10137034619;B
20240417;100211;308.95;80;10137034620;B
20240417;100211;308.95;80;10137034621;B
20240417;100211;308.95;20;10137034622;B
20240417;100211;308.95;30;10137034623;B
20240417;100212;308.95;380;10137034813;B
20240417;100212;308.95;620;10137034814;B
20240417;100212;308.95;500;10137034815;B
20240417;100212;308.95;2000;10137034816;B
20240417;100212;308.95;1000;10137034817;B
20240417;100212;308.95;2000;10137034818;B
20240417;100212;308.95;3000;10137034819;B
20240417;100212;308.95;280;10137034821;B
20240417;100213;308.95;10;10137034887;S
20240417;100213;308.96;100;10137034907;B
20240417;100213;308.95;10;10137034935;S
20240417;100213;308.96;10;10137034976;B
20240417;100213;308.97;390;10137034977;B
20240417;100213;308.97;500;10137034978;B
20240417;100213;308.98;50;10137034979;B
20240417;100213;308.98;1050;10137034980;B
20240417;100213;308.99;20;10137035006;B
20240417;100213;308.99;20;10137035007;B
20240417;100213;308.99;300;10137035008;B
20240417;100213;308.99;60;10137035009;B
20240417;100213;308.99;500;10137035010;B
20240417;100213;308.99;440;10137035011;B
20240417;100213;308.99;560;10137035012;B
20240417;100213;308.98;870;10137035036;S
20240417;100213;308.98;130;10137035037;S
20240417;100213;308.99;1440;10137035038;B
20240417;100213;309;1560;10137035039;B
20240417;100213;309;1000;10137035076;B
20240417;100213;309;300;10137035077;B
20240417;100213;309;170;10137035078;B
20240417;100214;309;1000;10137035121;B
20240417;100214;309;500;10137035122;B
20240417;100214;309;1000;10137035123;B
20240417;100214;309;2000;10137035124;B
20240417;100214;309;1000;10137035125;B
20240417;100214;309;1000;10137035126;B
20240417;100214;308.99;400;10137035203;S
20240417;100214;308.99;1600;10137035204;S
20240417;100214;309;1000;10137035223;B
20240417;100214;309;500;10137035224;B
20240417;100214;309;3000;10137035287;B
20240417;100215;309;1000;10137035308;B
20240417;100215;309;1000;10137035309;B
20240417;100215;308.99;100;10137035314;S
20240417;100215;308.99;40;10137035375;S
20240417;100215;309;100;10137035397;B
20240417;100215;309;500;10137035408;B
20240417;100215;309;110;10137035409;B
20240417;100215;309;500;10137035410;B
20240417;100215;309;390;10137035411;B
20240417;100215;309;610;10137035412;B
20240417;100215;309;290;10137035413;B
20240417;100215;308.99;10;10137035445;S
20240417;100215;309;1000;10137035446;B
20240417;100216;308.99;10;10137035506;S
20240417;100217;309;100;10137035577;B
20240417;100217;309;1000;10137035652;B
20240417;100217;309;100;10137035653;B
20240417;100217;309;100;10137035726;B
20240417;100218;309;760;10137035807;B
20240417;100218;309;40;10137035808;B
20240417;100219;309;160;10137036100;B
20240417;100219;309;20;10137036101;B
20240417;100219;309;500;10137036102;B
20240417;100219;309;20;10137036103;B
20240417;100219;309;100;10137036104;B
20240417;100219;309;1900;10137036105;B
20240417;100219;309;100;10137036119;B
20240417;100219;309;100;10137036201;B
20240417;100220;309;1000;10137036360;B
20240417;100220;309;500;10137036361;B
20240417;100220;309;400;10137036362;B
20240417;100220;309;100;10137036396;B
20240417;100221;309;300;10137036517;B
20240417;100222;309;100;10137036596;B
20240417;100222;309;900;10137036597;B
20240417;100222;309;10;10137036598;B
20240417;100222;309;10;10137036599;B
20240417;100222;309;500;10137036600;B
20240417;100222;309;480;10137036601;B
20240417;100223;309;300;10137036707;B
20240417;100223;309;10;10137036751;B
20240417;100224;309;550;10137036916;B
20240417;100224;308.99;170;10137036950;S
20240417;100224;308.99;510;10137036951;S
20240417;100224;308.99;320;10137036952;S
20240417;100224;309;10;10137037037;B
20240417;100224;309;650;10137037068;B
20240417;100224;309;10;10137037069;B
20240417;100224;309;340;10137037070;B
20240417;100224;309;20;10137037079;B
20240417;100225;309;600;10137037277;B
20240417;100226;308.99;10;10137037317;S
20240417;100226;308.99;10;10137037410;S
20240417;100226;309;300;10137037431;B
20240417;100227;309;60;10137037623;B
20240417;100227;309;40;10137037624;B
20240417;100228;309;20;10137037703;B
20240417;100228;308.99;30;10137037718;S
20240417;100231;308.99;390;10137038440;S
20240417;100231;308.99;10;10137038441;S
20240417;100231;309;100;10137038572;B
20240417;100232;309;10;10137038620;B
20240417;100232;309;100;10137038786;B
20240417;100232;309;100;10137038801;B
20240417;100232;309;150;10137038860;B
20240417;100232;309;480;10137038930;B
20240417;100232;309;520;10137038931;B
20240417;100233;309;480;10137039311;B
20240417;100233;309;620;10137039312;B
20240417;100233;309;1500;10137039549;B
20240417;100233;309;650;10137039579;B
20240417;100234;308.99;480;10137040037;S
20240417;100234;309;500;10137040150;B
20240417;100235;308.99;500;10137040421;S
20240417;100235;308.99;1000;10137040422;S
20240417;100235;308.99;200;10137040423;S
20240417;100236;308.99;10;10137040493;S
20240417;100236;309;10;10137040643;B
20240417;100236;308.99;20;10137040645;S
20240417;100237;309;100;10137040716;B
20240417;100237;309;500;10137040738;B
20240417;100238;309;2000;10137040884;B
20240417;100238;309;2200;10137040920;B
20240417;100239;309;1000;10137041054;B
20240417;100239;309;920;10137041056;B
20240417;100239;309;10;10137041057;B
20240417;100239;309;370;10137041058;B
20240417;100239;309;500;10137041094;B
20240417;100240;309;130;10137041159;B
20240417;100240;309;3100;10137041160;B
20240417;100240;309;400;10137041177;B
20240417;100240;309;600;10137041178;B
20240417;100240;309;400;10137041218;B
20240417;100240;309;250;10137041219;B
20240417;100240;309;10;10137041220;B
20240417;100240;309;150;10137041221;B
20240417;100240;309;590;10137041222;B
20240417;100240;308.99;50;10137041258;S
20240417;100241;309;100;10137041378;B
20240417;100241;309;10;10137041442;B
20240417;100241;309;1100;10137041446;B
20240417;100242;309;10;10137041519;B
20240417;100242;309;500;10137041609;B
20240417;100243;309;1000;10137041627;B
20240417;100243;308.99;820;10137041654;S
20240417;100243;308.99;540;10137041655;S
20240417;100243;309;100;10137041656;B
20240417;100243;309;10;10137041757;B
20240417;100243;309;60;10137041764;B
20240417;100243;309;200;10137041767;B
20240417;100244;309;20;10137041827;B
20240417;100244;309;300;10137041838;B
20240417;100244;309;10;10137041839;B
20240417;100244;309;250;10137041840;B
20240417;100244;309;10;10137041841;B
20240417;100244;309;100;10137041842;B
20240417;100244;309;230;10137041843;B
20240417;100244;309;1000;10137041844;B
20240417;100244;309;100;10137041845;B
20240417;100244;309;670;10137041914;B
20240417;100244;309;10;10137041915;B
20240417;100244;309;320;10137041916;B
20240417;100244;309;680;10137041917;B
20240417;100244;309;320;10137041918;B
20240417;100245;309;100;10137041962;B
20240417;100245;309;10;10137041964;B
20240417;100245;309;10;10137042005;B
20240417;100245;309;560;10137042017;B
20240417;100245;309;60;10137042018;B
20240417;100245;309;380;10137042019;B
20240417;100245;309;620;10137042020;B
20240417;100245;309.01;380;10137042021;B
20240417;100245;309.01;220;10137042063;B
20240417;100245;309.01;10;10137042064;B
20240417;100245;309.01;130;10137042065;B
20240417;100245;309.01;640;10137042066;B
20240417;100245;309.01;1000;10137042090;B
20240417;100245;309.01;360;10137042091;B
20240417;100245;309.01;300;10137042092;B
20240417;100245;309.02;340;10137042093;B
20240417;100246;309.01;10;10137042143;S
20240417;100246;309.02;1000;10137042163;B
20240417;100246;309.02;17650;10137042188;B
20240417;100246;309.02;7350;10137042189;B
20240417;100246;309.02;1000;10137042225;B
20240417;100246;309.02;70;10137042226;B
20240417;100246;309.02;50;10137042227;B
20240417;100246;309.02;880;10137042228;B
20240417;100246;309.02;120;10137042232;B
20240417;100246;309.02;300;10137042233;B
20240417;100246;309.02;20;10137042234;B
20240417;100246;309.02;60;10137042235;B
20240417;100246;309.02;160;10137042248;B
20240417;100246;309.02;1000;10137042250;B
20240417;100246;309.02;1000;10137042251;B
20240417;100246;309.01;10;10137042290;S
20240417;100246;309.02;4610;10137042292;B
20240417;100246;309.03;390;10137042293;B
20240417;100246;309.03;60;10137042297;B
20240417;100246;309.08;10;10137042298;B
20240417;100246;309.08;1000;10137042299;B
20240417;100246;309.08;30;10137042300;B
20240417;100246;309.1;10;10137042301;B
20240417;100246;309.1;10;10137042302;B
20240417;100246;309.1;30;10137042303;B
20240417;100246;309.1;2000;10137042304;B
20240417;100246;309.1;10;10137042305;B
20240417;100246;309.1;800;10137042306;B
20240417;100246;309.1;500;10137042307;B
20240417;100246;309.1;20;10137042308;B
20240417;100246;309.1;20;10137042309;B
20240417;100246;309.11;1000;10137042310;B
20240417;100246;309.11;20;10137042311;B
20240417;100246;309.11;410;10137042312;B
20240417;100246;309.12;410;10137042313;B
20240417;100246;309.12;20;10137042314;B
20240417;100246;309.13;410;10137042315;B
20240417;100246;309.13;6230;10137042316;B
20240417;100246;309.13;410;10137042318;B
20240417;100246;309.14;200;10137042319;B
20240417;100246;309.14;1390;10137042320;B
20240417;100246;309.14;900;10137042321;B
20240417;100246;309.14;710;10137042322;B
20240417;100246;309.14;750;10137042323;B
20240417;100246;309.14;1000;10137042324;B
20240417;100246;309.14;1000;10137042325;B
20240417;100246;309.14;250;10137042326;B
20240417;100246;309.15;300;10137042345;B
20240417;100246;309.16;20;10137042346;B
20240417;100246;309.16;140;10137042347;B
20240417;100246;309.17;160;10137042348;B
20240417;100246;309.17;10;10137042351;B
20240417;100246;309.17;20;10137042352;B
20240417;100246;309.17;10;10137042353;B
20240417;100246;309.15;20;10137042357;S
20240417;100247;309.17;40;10137042367;B
20240417;100247;309.18;100;10137042394;B
20240417;100247;309.18;180;10137042395;B
20240417;100247;309.18;500;10137042396;B
20240417;100247;309.18;300;10137042397;B
20240417;100247;309.18;100;10137042398;B
20240417;100247;309.18;100;10137042399;B
20240417;100247;309.18;410;10137042400;B
20240417;100247;309.19;190;10137042401;B
20240417;100247;309.19;1340;10137042402;B
20240417;100247;309.19;2000;10137042516;B
20240417;100247;309.19;210;10137042541;B
20240417;100247;309.19;4790;10137042542;B
20240417;100247;309.18;30;10137042557;S
20240417;100247;309.18;10;10137042558;S
20240417;100247;309.19;210;10137042569;B
20240417;100247;309.19;400;10137042570;B
20240417;100247;309.19;100;10137042571;B
20240417;100247;309.19;100;10137042572;B
20240417;100247;309.19;20;10137042573;B
20240417;100247;309.19;170;10137042574;B
20240417;100247;309.19;240;10137042575;B
20240417;100247;309.19;1860;10137042608;S
20240417;100247;309.19;1800;10137042609;S
20240417;100247;309.19;400;10137042610;S
20240417;100247;309.18;90;10137042611;S
20240417;100247;309.18;150;10137042612;S
20240417;100247;309.17;710;10137042613;S
20240417;100247;309.12;10;10137042614;S
20240417;100247;309.11;330;10137042615;S
20240417;100247;309.11;880;10137042616;S
20240417;100247;309.11;510;10137042617;S
20240417;100247;309.11;980;10137042618;S
20240417;100247;309.11;410;10137042619;S
20240417;100247;309.1;800;10137042620;S
20240417;100247;309.1;410;10137042621;S
20240417;100247;309.1;10;10137042622;S
20240417;100247;309.09;410;10137042623;S
20240417;100247;309.09;2000;10137042624;S
20240417;100247;309.08;410;10137042625;S
20240417;100247;309.08;5170;10137042626;S
20240417;100247;309.19;410;10137042627;B
20240417;100247;309.2;1590;10137042628;B
20240417;100247;309.19;410;10137042655;B
20240417;100247;309.19;870;10137042656;B
20240417;100247;309.2;230;10137042657;B
20240417;100247;309.2;490;10137042658;B
20240417;100248;309.19;100;10137042784;B
20240417;100249;309.19;100;10137042828;B
20240417;100249;309.19;210;10137042870;B
20240417;100249;309.19;290;10137042871;B
20240417;100249;309.19;100;10137042912;B
20240417;100250;309.19;10;10137043054;B
20240417;100250;309.19;90;10137043055;B
20240417;100250;309.19;100;10137043060;B
20240417;100250;309.19;100;10137043061;B
20240417;100250;309.19;200;10137043178;B
20240417;100250;309.2;1000;10137043179;B
20240417;100250;309.2;1000;10137043180;B
20240417;100250;309.19;20;10137043205;S
20240417;100251;309.19;380;10137043386;S
20240417;100251;309.19;170;10137043387;S
20240417;100252;309.2;30;10137043470;B
20240417;100252;309.2;4200;10137043533;B
20240417;100252;309.2;100;10137043535;B
20240417;100253;309.2;1000;10137043654;B
20240417;100253;309.2;1000;10137043655;B
20240417;100253;309.2;100;10137043656;B
20240417;100253;309.2;950;10137043674;B
20240417;100253;309.2;10;10137043675;B
20240417;100253;309.2;10;10137043716;B
20240417;100254;309.19;10;10137043717;S
20240417;100254;309.2;900;10137043727;B
20240417;100254;309.2;1000;10137043728;B
20240417;100254;309.2;2000;10137043729;B
20240417;100254;309.19;20;10137043733;S
20240417;100254;309.2;5000;10137043824;B
20240417;100254;309.2;600;10137043902;B
20240417;100254;309.2;610;10137043903;B
20240417;100254;309.2;10;10137043904;B
20240417;100254;309.2;50;10137043905;B
20240417;100254;309.2;10;10137043906;B
20240417;100254;309.2;1420;10137043907;B
20240417;100255;309.2;850;10137043958;B
20240417;100255;309.2;10;10137043959;B
20240417;100255;309.2;50;10137043960;B
20240417;100255;309.2;20;10137043961;B
20240417;100255;309.2;70;10137043962;B
20240417;100255;309.19;60;10137043964;S
20240417;100255;309.2;100;10137043982;B
20240417;100255;309.19;1840;10137043988;S
20240417;100255;309.19;200;10137043989;S
20240417;100255;309.19;500;10137043990;S
