<DATE>;<TIME>;<LAST>;<VOL>;<ID>;<OPER>
20240326;095939;294.5;40;9944320213;B
20240326;095939;294.5;20;9944320214;B
20240326;095939;294.5;10;9944320215;B
20240326;095939;294.5;80;9944320216;B
20240326;095939;294.5;180;9944320217;B
20240326;095939;294.5;150;9944320218;B
20240326;095939;294.5;10;9944320219;B
20240326;095939;294.5;20;9944320220;B
20240326;095939;294.5;30;9944320221;B
20240326;095939;294.5;410;9944320222;B
20240326;095939;294.5;10;9944320223;B
20240326;095939;294.5;250;9944320224;B
20240326;095939;294.5;10;9944320225;B
20240326;095939;294.5;10;9944320226;B
20240326;095939;294.5;20;9944320227;B
20240326;095939;294.5;70;9944320228;B
20240326;095939;294.5;1450;9944320229;B
20240326;095939;294.5;190;9944320230;B
20240326;095939;294.5;110;9944320231;B
20240326;095939;294.5;10;9944320232;S
20240326;095939;294.5;10;9944320233;S
20240326;095939;294.5;10;9944320234;S
20240326;095939;294.5;20;9944320235;S
20240326;095939;294.5;40;9944320236;S
20240326;095939;294.5;20;9944320237;S
20240326;095939;294.5;10;9944320238;S
20240326;095939;294.5;10;9944320239;S
20240326;095939;294.5;10;9944320240;S
20240326;095939;294.5;10;9944320241;S
20240326;095939;294.5;30;9944320242;S
20240326;095939;294.5;10;9944320243;S
20240326;095939;294.5;80;9944320244;S
20240326;095939;294.5;50;9944320245;S
20240326;095939;294.5;20;9944320246;S
20240326;095939;294.5;10;9944320247;S
20240326;095939;294.5;10;9944320248;S
20240326;095939;294.5;60;9944320249;S
20240326;095939;294.5;100;9944320250;S
20240326;095939;294.5;1550;9944320251;S
20240326;095939;294.5;10;9944320252;S
20240326;095939;294.5;750;9944320253;B
20240326;095939;294.5;10;9944320254;S
20240326;095939;294.5;20;9944320255;S
20240326;095939;294.5;10;9944320256;S
20240326;095939;294.5;1000;9944320257;B
20240326;095939;294.5;10;9944320258;B
20240326;095939;294.5;70;9944320259;B
20240326;095939;294.5;10;9944320260;B
20240326;095939;294.5;100;9944320261;B
20240326;095939;294.5;10;9944320262;B
20240326;095939;294.5;300;9944320263;B
20240326;095939;294.5;110;9944320264;B
20240326;095939;294.5;30;9944320265;B
20240326;095939;294.5;100;9944320266;B
20240326;095939;294.5;20;9944320267;S
20240326;095939;294.5;10;9944320268;B
20240326;095939;294.5;20;9944320269;S
20240326;095939;294.5;20;9944320270;S
20240326;095939;294.5;50;9944320271;S
20240326;095939;294.5;200;9944320272;S
20240326;095939;294.5;20;9944320273;B
20240326;095939;294.5;40;9944320274;S
20240326;095939;294.5;1000;9944320275;B
20240326;095939;294.5;1000;9944320276;B
20240326;095939;294.5;150;9944320277;S
20240326;095939;294.5;500;9944320278;B
20240326;095939;294.5;130;9944320279;S
20240326;095939;294.5;500;9944320280;S
20240326;095939;294.5;500;9944320281;B
20240326;095939;294.5;50;9944320282;B
20240326;095939;294.5;50;9944320283;S
20240326;095939;294.5;30;9944320284;S
20240326;095939;294.5;520;9944320285;S
20240326;095939;294.5;30;9944320286;S
20240326;095939;294.5;500;9944320287;B
20240326;095939;294.5;4620;9944320288;S
20240326;095939;294.5;30;9944320289;S
20240326;095939;294.5;30;9944320290;S
20240326;095939;294.5;5000;9944320291;B
20240326;095939;294.5;10;9944320292;B
20240326;095939;294.5;20;9944320293;B
20240326;095939;294.5;10;9944320294;B
20240326;095939;294.5;10;9944320295;B
20240326;095939;294.5;10;9944320296;B
20240326;095939;294.5;400;9944320297;B
20240326;095939;294.5;20;9944320298;B
20240326;095939;294.5;50;9944320299;B
20240326;095939;294.5;100;9944320300;B
20240326;095939;294.5;100;9944320301;B
20240326;095939;294.5;10;9944320302;B
20240326;095939;294.5;10;9944320303;B
20240326;095939;294.5;20;9944320304;B
20240326;095939;294.5;10;9944320305;S
20240326;095939;294.5;20;9944320306;S
20240326;095939;294.5;90;9944320307;S
20240326;095939;294.5;160;9944320308;S
20240326;095939;294.5;10;9944320309;B
20240326;095939;294.5;30;9944320310;B
20240326;095939;294.5;10;9944320311;B
20240326;095939;294.5;30;9944320312;B
20240326;095939;294.5;10;9944320313;B
20240326;095939;294.5;20;9944320314;B
20240326;095939;294.5;30;9944320315;B
20240326;095939;294.5;10;9944320316;B
20240326;095939;294.5;10;9944320317;B
20240326;095939;294.5;10;9944320318;B
20240326;095939;294.5;20;9944320319;B
20240326;095939;294.5;10;9944320320;B
20240326;095939;294.5;10;9944320321;B
20240326;095939;294.5;10;9944320322;B
20240326;095939;294.5;20;9944320323;B
20240326;095939;294.5;30;9944320324;B
20240326;095939;294.5;10;9944320325;B
20240326;095939;294.5;30;9944320326;B
20240326;095939;294.5;20;9944320327;B
20240326;095939;294.5;10;9944320328;B
20240326;095939;294.5;10;9944320329;B
20240326;095939;294.5;30;9944320330;S
20240326;095939;294.5;30;9944320331;S
20240326;095939;294.5;10;9944320332;S
20240326;095939;294.5;20;9944320333;S
20240326;095939;294.5;20;9944320334;S
20240326;095939;294.5;20;9944320335;S
20240326;095939;294.5;10;9944320336;S
20240326;095939;294.5;100;9944320337;S
20240326;095939;294.5;30;9944320338;S
20240326;095939;294.5;30;9944320339;S
20240326;095939;294.5;60;9944320340;S
20240326;095939;294.5;10;9944320341;S
20240326;095939;294.5;60;9944320342;S
20240326;095939;294.5;20;9944320343;S
20240326;095939;294.5;10;9944320344;S
20240326;095939;294.5;10;9944320345;S
20240326;095939;294.5;10;9944320346;S
20240326;095939;294.5;10;9944320347;S
20240326;095939;294.5;20;9944320348;S
20240326;095939;294.5;10;9944320349;S
20240326;095939;294.5;10;9944320350;S
20240326;095939;294.5;10;9944320351;S
20240326;095939;294.5;10;9944320352;S
20240326;095939;294.5;30;9944320353;S
20240326;095939;294.5;40;9944320354;B
20240326;095939;294.5;10;9944320355;B
20240326;095939;294.5;10;9944320356;B
20240326;095939;294.5;10;9944320357;B
20240326;095939;294.5;100;9944320358;S
20240326;095939;294.5;100;9944320359;S
20240326;095939;294.5;100;9944320360;S
20240326;095939;294.5;180;9944320361;B
20240326;095939;294.5;320;9944320362;B
20240326;095939;294.5;50;9944320363;B
20240326;095939;294.5;50;9944320364;B
20240326;095939;294.5;100;9944320365;B
20240326;095939;294.5;70;9944320366;B
20240326;095939;294.5;150;9944320367;B
20240326;095939;294.5;10;9944320368;S
20240326;095939;294.5;40;9944320369;S
20240326;095939;294.5;10;9944320370;B
20240326;095939;294.5;10;9944320371;B
20240326;095939;294.5;10;9944320372;B
20240326;095939;294.5;10;9944320373;B
20240326;095939;294.5;10;9944320374;B
20240326;095939;294.5;10;9944320375;B
20240326;095939;294.5;10;9944320376;B
20240326;095939;294.5;10;9944320377;B
20240326;095939;294.5;20;9944320378;B
20240326;095939;294.5;10;9944320379;B
20240326;095939;294.5;10;9944320380;B
20240326;095939;294.5;40;9944320381;B
20240326;095939;294.5;10;9944320382;B
20240326;095939;294.5;10;9944320383;B
20240326;095939;294.5;20;9944320384;B
20240326;095939;294.5;10;9944320385;B
20240326;095939;294.5;30;9944320386;B
20240326;095939;294.5;10;9944320387;B
20240326;095939;294.5;10;9944320388;B
20240326;095939;294.5;10;9944320389;B
20240326;095939;294.5;10;9944320390;B
20240326;095939;294.5;330;9944320391;S
20240326;095939;294.5;10;9944320392;B
20240326;095939;294.5;160;9944320393;B
20240326;095939;294.5;70;9944320394;B
20240326;095939;294.5;100;9944320395;B
20240326;095939;294.5;170;9944320396;B
20240326;100000;294.44;10000;9944327495;B
20240326;100001;294.43;10;9944328513;B
20240326;100001;294.45;350;9944328576;B
20240326;100001;294.45;420;9944328577;B
20240326;100001;294.45;1030;9944328578;B
20240326;100001;294.46;420;9944328579;B
20240326;100001;294.46;2000;9944328580;B
20240326;100001;294.47;420;9944328581;B
20240326;100001;294.48;420;9944328582;B
20240326;100001;294.48;400;9944328583;B
20240326;100001;294.48;910;9944328584;B
20240326;100001;294.49;420;9944328585;B
20240326;100001;294.5;30;9944328586;B
20240326;100001;294.5;3180;9944328587;B
20240326;100001;294.43;20;9944328672;S
20240326;100001;294.47;10;9944328898;B
20240326;100001;294.49;10;9944328967;B
20240326;100002;294.43;350;9944329896;S
20240326;100002;294.43;500;9944330086;B
20240326;100002;294.45;420;9944330365;B
20240326;100002;294.45;400;9944330366;B
20240326;100002;294.45;2000;9944330367;B
20240326;100002;294.46;420;9944330368;B
20240326;100002;294.46;350;9944330369;B
20240326;100002;294.47;410;9944330370;B
20240326;100002;294.49;100;9944330547;B
20240326;100003;294.45;10;9944331718;B
20240326;100003;294.42;300;9944331719;S
20240326;100003;294.42;300;9944331720;S
20240326;100003;294.42;10;9944331721;S
20240326;100003;294.42;10;9944331722;S
20240326;100003;294.42;10;9944331723;S
20240326;100003;294.42;10;9944331724;S
20240326;100003;294.42;10;9944331725;S
20240326;100003;294.42;20;9944331726;S
20240326;100003;294.42;260;9944331727;S
20240326;100003;294.42;10;9944331728;S
20240326;100003;294.39;10;9944331729;S
20240326;100003;294.38;100;9944331730;S
20240326;100004;294.47;300;9944332133;B
20240326;100004;294.44;1850;9944332314;B
20240326;100004;294.48;10;9944332674;B
20240326;100004;294.39;10;9944332675;S
20240326;100005;294.49;20;9944332780;B
20240326;100005;294.49;30;9944332781;B
20240326;100005;294.49;10;9944332951;B
20240326;100005;294.48;20;9944332952;S
20240326;100005;294.48;10;9944333079;S
20240326;100005;294.49;10;9944333080;B
20240326;100005;294.49;10;9944333082;B
20240326;100005;294.49;10;9944333384;B
20240326;100005;294.48;390;9944333386;S
20240326;100005;294.48;1000;9944333387;S
20240326;100005;294.48;3750;9944333388;S
20240326;100005;294.47;420;9944333389;S
20240326;100005;294.46;420;9944333390;S
20240326;100005;294.46;400;9944333391;S
20240326;100005;294.45;420;9944333392;S
20240326;100005;294.44;420;9944333393;S
20240326;100005;294.43;420;9944333394;S
20240326;100005;294.42;420;9944333395;S
20240326;100005;294.42;910;9944333396;S
20240326;100005;294.41;420;9944333397;S
20240326;100005;294.4;420;9944333398;S
20240326;100005;294.39;90;9944333399;S
20240326;100005;294.39;420;9944333400;S
20240326;100005;294.36;360;9944333401;S
20240326;100005;294.46;400;9944333574;S
20240326;100005;294.46;350;9944333575;S
20240326;100005;294.45;940;9944333576;S
20240326;100005;294.45;5490;9944333577;S
20240326;100005;294.44;420;9944333578;S
20240326;100005;294.43;420;9944333579;S
20240326;100005;294.43;4980;9944333580;S
20240326;100005;294.44;1000;9944333604;S
20240326;100005;294.45;10;9944333809;B
20240326;100005;294.39;20;9944333837;S
20240326;100005;294.46;10;9944333838;B
20240326;100005;294.41;1000;9944334005;B
20240326;100005;294.41;1000;9944334018;B
20240326;100006;294.41;1000;9944334113;B
20240326;100006;294.41;350;9944334118;B
20240326;100006;294.45;350;9944334184;B
20240326;100006;294.46;150;9944334185;B
20240326;100006;294.45;20;9944334323;B
20240326;100006;294.45;60;9944334591;B
20240326;100006;294.41;10;9944334687;S
20240326;100006;294.41;40;9944334770;S
20240326;100006;294.42;10;9944335087;B
20240326;100006;294.42;40;9944335090;B
20240326;100006;294.41;60;9944335097;S
20240326;100006;294.41;10;9944335102;S
20240326;100006;294.42;50;9944335115;B
20240326;100006;294.48;800;9944335116;B
20240326;100006;294.41;140;9944335647;S
20240326;100006;294.44;20;9944335648;B
20240326;100006;294.43;500;9944335733;B
20240326;100007;294.45;400;9944335951;B
20240326;100007;294.46;100;9944335952;B
20240326;100007;294.49;330;9944335953;B
20240326;100007;294.49;100;9944335957;B
20240326;100007;294.5;30;9944336019;B
20240326;100007;294.5;10;9944336245;B
20240326;100007;294.49;10;9944336247;B
20240326;100007;294.49;350;9944336399;S
20240326;100007;294.46;20;9944336420;S
20240326;100007;294.5;60;9944336427;B
20240326;100007;294.46;10;9944336429;S
20240326;100007;294.5;10;9944336430;B
20240326;100007;294.47;30;9944336454;S
20240326;100007;294.44;10;9944336750;S
20240326;100007;294.49;10;9944336751;B
20240326;100007;294.43;10;9944336756;S
20240326;100007;294.5;10;9944336854;B
20240326;100007;294.5;30;9944336856;B
20240326;100007;294.5;10;9944336859;B
20240326;100007;294.47;10;9944336860;S
20240326;100007;294.5;10;9944336864;B
20240326;100007;294.45;10;9944337013;S
20240326;100007;294.45;40;9944337113;S
20240326;100008;294.46;900;9944337567;B
20240326;100009;294.42;300;9944338325;S
20240326;100009;294.42;80;9944338354;S
20240326;100009;294.43;10;9944338376;B
20240326;100009;294.43;20;9944338385;B
20240326;100009;294.42;400;9944338397;S
20240326;100009;294.41;240;9944338398;S
20240326;100009;294.43;10;9944338404;B
20240326;100009;294.41;10;9944338405;S
20240326;100009;294.43;10;9944338409;B
20240326;100009;294.44;10;9944338421;B
20240326;100009;294.41;140;9944338426;S
20240326;100009;294.41;10;9944338427;S
20240326;100009;294.43;750;9944338434;B
20240326;100009;294.44;1250;9944338435;B
20240326;100009;294.42;10;9944338694;S
20240326;100009;294.42;10;9944338736;S
20240326;100010;294.45;50;9944338968;B
20240326;100010;294.48;30;9944338969;B
20240326;100010;294.42;90;9944338974;S
20240326;100010;294.44;30;9944339072;B
20240326;100010;294.41;90;9944339190;S
20240326;100010;294.43;40;9944339245;B
20240326;100010;294.41;10;9944339308;S
20240326;100010;294.43;20;9944339331;B
20240326;100010;294.43;140;9944339407;B
20240326;100010;294.43;70;9944339454;B
20240326;100010;294.43;90;9944339579;B
20240326;100010;294.43;1180;9944339622;B
20240326;100010;294.43;180;9944339624;B
20240326;100010;294.41;140;9944339625;S
20240326;100011;294.43;100;9944339703;B
20240326;100011;294.43;40;9944339708;B
20240326;100011;294.41;180;9944339815;S
20240326;100011;294.41;120;9944339816;S
20240326;100011;294.43;100;9944339962;B
20240326;100012;294.43;20;9944340161;B
20240326;100012;294.43;10;9944340336;B
20240326;100013;294.43;10;9944340597;B
20240326;100013;294.44;10;9944340598;B
20240326;100013;294.43;10;9944340616;S
20240326;100013;294.43;100;9944340692;S
20240326;100015;294.43;10;9944340963;S
20240326;100018;294.44;40;9944342036;B
20240326;100018;294.45;50;9944342037;B
20240326;100018;294.48;260;9944342038;B
20240326;100018;294.48;310;9944342100;B
20240326;100018;294.48;50;9944342101;B
20240326;100018;294.49;50;9944342102;B
20240326;100018;294.5;1890;9944342103;B
20240326;100019;294.49;400;9944342259;S
20240326;100019;294.5;10;9944342269;B
20240326;100019;294.5;800;9944342297;B
20240326;100020;294.49;4410;9944342513;S
20240326;100020;294.49;4410;9944342514;S
20240326;100020;294.49;420;9944342516;S
20240326;100020;294.49;910;9944342517;S
20240326;100020;294.48;10;9944342521;B
20240326;100020;294.5;260;9944342744;B
20240326;100021;294.5;10;9944342796;B
20240326;100021;294.5;10;9944342825;B
20240326;100021;294.49;10;9944342965;S
20240326;100021;294.49;4410;9944342966;S
20240326;100021;294.49;1350;9944342967;S
20240326;100022;294.49;10;9944343153;B
20240326;100023;294.48;100;9944343484;S
20240326;100023;294.46;350;9944343485;S
20240326;100023;294.45;420;9944343486;S
20240326;100023;294.45;910;9944343487;S
20240326;100023;294.44;420;9944343488;S
20240326;100023;294.43;420;9944343489;S
20240326;100023;294.43;380;9944343490;S
20240326;100023;294.45;350;9944343596;B
20240326;100023;294.45;2000;9944343597;B
20240326;100023;294.47;400;9944343598;B
20240326;100023;294.49;2000;9944343599;B
20240326;100023;294.5;670;9944343600;B
20240326;100023;294.5;60;9944343601;B
20240326;100023;294.5;100;9944343602;B
20240326;100023;294.5;920;9944343603;B
20240326;100023;294.5;50;9944343604;B
20240326;100023;294.5;400;9944343605;B
20240326;100023;294.5;3050;9944343606;B
20240326;100023;294.49;2000;9944343723;B
20240326;100023;294.49;400;9944343724;B
20240326;100023;294.5;1330;9944343725;B
20240326;100024;294.46;20;9944343889;S
20240326;100024;294.48;10;9944343894;B
20240326;100024;294.45;350;9944343923;S
20240326;100024;294.44;420;9944343924;S
20240326;100024;294.44;230;9944343925;S
20240326;100024;294.47;60;9944344045;B
20240326;100024;294.47;20;9944344048;B
20240326;100024;294.44;450;9944344141;S
20240326;100024;294.48;1500;9944344143;B
20240326;100025;294.5;400;9944344221;B
20240326;100026;294.5;2000;9944344348;B
20240326;100026;294.5;2000;9944344350;B
20240326;100026;294.49;20;9944344383;S
20240326;100026;294.5;580;9944344408;B
20240326;100026;294.5;30;9944344428;B
20240326;100026;294.49;30;9944344470;S
20240326;100027;294.5;50;9944344612;B
20240326;100028;294.49;10;9944344792;B
20240326;100028;294.5;1000;9944344793;B
20240326;100028;294.49;20;9944344846;S
20240326;100029;294.49;100;9944344953;S
20240326;100029;294.5;460;9944344982;B
20240326;100030;294.5;50;9944345203;B
20240326;100030;294.5;10;9944345237;B
20240326;100031;294.49;230;9944345536;S
20240326;100031;294.49;310;9944345537;S
20240326;100032;294.48;30;9944346142;S
20240326;100032;294.47;10;9944346211;B
20240326;100032;294.43;10;9944346212;S
20240326;100032;294.48;350;9944346336;B
20240326;100032;294.49;100;9944346337;B
20240326;100032;294.49;2000;9944346338;B
20240326;100032;294.49;400;9944346339;B
20240326;100032;294.5;7150;9944346340;B
20240326;100034;294.48;350;9944346809;B
20240326;100034;294.49;1250;9944346810;B
20240326;100034;294.43;90;9944346812;S
20240326;100034;294.49;750;9944346844;B
20240326;100034;294.5;250;9944346845;B
20240326;100035;294.48;10;9944347041;B
20240326;100036;294.49;1400;9944347454;B
20240326;100036;294.5;150;9944347544;B
20240326;100038;294.49;10;9944347961;B
20240326;100038;294.5;10;9944348040;B
20240326;100038;294.49;20;9944348145;B
20240326;100038;294.49;330;9944348233;B
20240326;100038;294.5;670;9944348234;B
20240326;100039;294.49;10;9944348313;B
20240326;100040;294.49;340;9944348569;B
20240326;100040;294.5;660;9944348570;B
20240326;100040;294.44;420;9944348720;S
20240326;100040;294.44;40;9944348721;S
20240326;100040;294.49;910;9944348912;B
20240326;100040;294.5;150;9944348913;B
20240326;100040;294.5;50;9944348914;B
20240326;100040;294.5;130;9944348915;B
20240326;100040;294.5;100;9944348916;B
20240326;100040;294.5;330;9944348917;B
20240326;100040;294.5;170;9944348918;B
20240326;100040;294.5;1000;9944348919;B
20240326;100040;294.5;50;9944348920;B
20240326;100040;294.5;600;9944348921;B
20240326;100040;294.5;50;9944348922;B
20240326;100040;294.5;30;9944348923;B
20240326;100041;294.51;10;9944349123;B
20240326;100042;294.5;1000;9944349223;S
20240326;100042;294.51;20;9944349340;B
20240326;100043;294.5;60;9944349418;S
20240326;100043;294.51;20;9944349550;B
20240326;100043;294.5;140;9944349552;S
20240326;100043;294.5;110;9944349553;S
20240326;100044;294.5;1200;9944349726;S
20240326;100044;294.51;150;9944349731;B
20240326;100044;294.5;10;9944349815;S
20240326;100044;294.51;150;9944349934;B
20240326;100044;294.51;150;9944349992;B
20240326;100045;294.52;20;9944350080;B
20240326;100045;294.52;30;9944350103;S
20240326;100045;294.52;100;9944350153;S
20240326;100045;294.53;10;9944350242;B
20240326;100045;294.53;10;9944350243;B
20240326;100046;294.54;60;9944350437;S
20240326;100047;294.56;150;9944350713;B
20240326;100049;294.55;150;9944351385;S
20240326;100049;294.55;10;9944351386;S
20240326;100049;294.55;260;9944351387;S
20240326;100049;294.54;80;9944351388;S
20240326;100049;294.56;1000;9944351475;B
20240326;100049;294.55;700;9944351506;S
20240326;100049;294.57;10;9944351528;B
20240326;100049;294.54;40;9944351532;S
20240326;100049;294.54;30;9944351555;S
20240326;100049;294.54;350;9944351556;S
20240326;100050;294.57;10;9944351608;B
20240326;100050;294.58;20;9944351609;B
20240326;100050;294.54;200;9944351659;S
20240326;100051;294.55;10;9944351976;B
20240326;100051;294.55;10;9944351977;B
20240326;100051;294.53;130;9944351985;S
20240326;100051;294.53;150;9944351986;S
20240326;100051;294.5;220;9944351987;S
20240326;100052;294.53;10;9944352218;B
20240326;100052;294.51;200;9944352235;S
20240326;100052;294.51;200;9944352274;S
20240326;100052;294.5;200;9944352275;S
20240326;100053;294.52;100;9944352358;B
20240326;100053;294.53;340;9944352359;B
20240326;100053;294.53;350;9944352360;B
20240326;100053;294.53;350;9944352361;B
20240326;100053;294.54;2000;9944352362;B
20240326;100053;294.56;420;9944352363;B
20240326;100053;294.57;420;9944352364;B
20240326;100053;294.57;1020;9944352365;B
20240326;100056;294.55;10;9944353241;B
20240326;100056;294.55;250;9944353242;B
20240326;100056;294.55;20;9944353253;B
20240326;100057;294.55;10;9944353431;B
20240326;100057;294.56;30;9944353489;B
20240326;100057;294.56;10;9944353550;B
20240326;100057;294.53;10;9944353701;S
20240326;100057;294.51;100;9944353702;S
20240326;100059;294.51;100;9944353986;S
20240326;100059;294.51;350;9944353987;S
20240326;100059;294.51;30;9944353988;S
20240326;100100;294.56;200;9944354466;B
20240326;100100;294.56;100;9944354498;B
20240326;100101;294.56;200;9944354941;B
20240326;100101;294.56;100;9944354942;B
20240326;100101;294.56;200;9944354943;B
20240326;100101;294.56;200;9944354946;B
20240326;100101;294.56;200;9944354947;B
20240326;100101;294.56;100;9944354948;B
20240326;100101;294.56;100;9944354949;B
20240326;100101;294.56;100;9944354950;B
20240326;100101;294.56;200;9944354951;B
20240326;100101;294.56;200;9944354952;B
20240326;100101;294.56;100;9944354953;B
20240326;100101;294.56;200;9944354954;B
20240326;100101;294.56;100;9944354955;B
20240326;100101;294.56;100;9944354956;B
20240326;100101;294.56;200;9944354957;B
20240326;100101;294.56;100;9944354960;B
20240326;100101;294.56;100;9944354961;B
20240326;100101;294.56;200;9944354962;B
20240326;100101;294.55;10;9944355024;S
20240326;100102;294.56;1000;9944355118;B
20240326;100102;294.56;100;9944355119;B
20240326;100103;294.55;10;9944355345;S
20240326;100103;294.56;100;9944355386;B
20240326;100103;294.56;100;9944355390;B
20240326;100103;294.56;110;9944355392;B
20240326;100103;294.58;50;9944355393;B
20240326;100103;294.58;300;9944355394;B
20240326;100103;294.58;450;9944355395;B
20240326;100103;294.59;10;9944355396;B
20240326;100103;294.59;10000;9944355397;B
20240326;100103;294.59;500;9944355398;B
20240326;100103;294.59;500;9944355399;B
20240326;100103;294.6;10;9944355400;B
20240326;100103;294.6;10;9944355401;B
20240326;100103;294.6;3390;9944355402;B
20240326;100103;294.6;130;9944355403;B
20240326;100103;294.6;100;9944355404;B
20240326;100103;294.6;50;9944355405;B
20240326;100103;294.61;10;9944355406;B
20240326;100103;294.61;500;9944355407;B
20240326;100103;294.61;170;9944355408;B
20240326;100103;294.63;10;9944355409;B
20240326;100103;294.63;800;9944355410;B
20240326;100103;294.63;10;9944355411;B
20240326;100103;294.64;2000;9944355412;B
20240326;100103;294.65;890;9944355413;B
20240326;100103;294.63;10;9944355466;S
20240326;100103;294.63;390;9944355585;S
20240326;100103;294.63;2110;9944355586;S
20240326;100104;294.64;10;9944355624;B
20240326;100104;294.63;200;9944355873;S
20240326;100104;294.63;400;9944355874;S
20240326;100104;294.63;400;9944355875;S
20240326;100104;294.61;1000;9944355876;S
20240326;100105;294.59;50;9944355899;S
20240326;100105;294.59;200;9944355984;S
20240326;100106;294.63;10;9944356219;B
20240326;100106;294.63;60;9944356261;B
20240326;100107;294.63;280;9944356449;B
20240326;100107;294.63;1030;9944356450;B
20240326;100107;294.63;350;9944356451;B
20240326;100107;294.63;400;9944356452;B
20240326;100107;294.64;930;9944356453;B
20240326;100109;294.63;1000;9944356831;B
20240326;100110;294.63;350;9944357024;B
20240326;100110;294.63;150;9944357025;B
20240326;100112;294.6;20;9944357303;S
20240326;100113;294.6;50;9944357453;S
20240326;100113;294.6;40;9944357556;S
20240326;100116;294.62;100;9944358272;B
20240326;100116;294.63;3500;9944358280;B
20240326;100116;294.65;270;9944358390;B
20240326;100117;294.65;130;9944358505;B
20240326;100117;294.66;4410;9944358506;B
20240326;100117;294.68;460;9944358507;B
20240326;100117;294.67;30;9944358608;B
20240326;100119;294.66;10;9944358823;B
20240326;100121;294.65;30;9944359682;S
20240326;100122;294.68;2010;9944359829;B
20240326;100124;294.68;660;9944360342;S
20240326;100124;294.67;90;9944360343;S
20240326;100124;294.65;400;9944360344;S
20240326;100124;294.63;500;9944360345;S
20240326;100124;294.62;20;9944360363;S
20240326;100124;294.63;20;9944360390;B
20240326;100124;294.62;330;9944360391;S
20240326;100124;294.62;170;9944360392;S
20240326;100125;294.63;10;9944360554;B
20240326;100125;294.63;2100;9944360576;B
20240326;100125;294.69;10;9944360641;B
20240326;100125;294.7;90;9944360642;B
20240326;100125;294.7;20;9944360693;B
20240326;100126;294.68;100;9944360934;S
20240326;100127;294.66;50;9944361137;S
20240326;100127;294.64;910;9944361176;S
20240326;100127;294.63;1590;9944361177;S
20240326;100131;294.66;20;9944361788;B
20240326;100131;294.66;260;9944361789;B
20240326;100131;294.67;10;9944361808;B
20240326;100133;294.67;40;9944362105;B
20240326;100134;294.67;10;9944362247;B
20240326;100135;294.67;10;9944362378;B
20240326;100135;294.67;90;9944362379;B
20240326;100136;294.66;2060;9944362651;S
20240326;100137;294.67;10;9944362779;B
20240326;100137;294.66;20;9944362880;B
20240326;100138;294.65;1000;9944363080;S
20240326;100140;294.65;20;9944363375;S
20240326;100141;294.66;10;9944363554;B
20240326;100141;294.65;520;9944363591;S
20240326;100142;294.66;50;9944363692;B
20240326;100142;294.66;180;9944363740;B
20240326;100142;294.66;910;9944363741;B
20240326;100142;294.67;500;9944363742;B
20240326;100142;294.67;100;9944363746;S
20240326;100145;294.68;110;9944364351;B
20240326;100146;294.68;50;9944364378;B
20240326;100146;294.68;10;9944364463;B
20240326;100146;294.68;10;9944364465;B
20240326;100146;294.68;20;9944364467;B
20240326;100146;294.69;50;9944364468;B
20240326;100146;294.69;30;9944364469;B
20240326;100146;294.67;600;9944364483;S
20240326;100148;294.68;20;9944364647;B
20240326;100150;294.68;20;9944365057;B
20240326;100153;294.68;480;9944365470;B
20240326;100153;294.68;20;9944365471;B
20240326;100154;294.67;190;9944365551;S
20240326;100157;294.68;760;9944365979;B
20240326;100157;294.68;400;9944365980;B
20240326;100157;294.68;200;9944365981;B
20240326;100157;294.68;2000;9944366080;S
20240326;100158;294.69;100;9944366102;B
20240326;100158;294.69;100;9944366103;B
20240326;100201;294.69;930;9944366760;B
20240326;100201;294.69;350;9944366761;B
20240326;100201;294.69;350;9944366762;B
20240326;100201;294.69;10;9944366763;B
20240326;100201;294.7;600;9944366764;B
20240326;100201;294.69;10;9944366812;B
20240326;100202;294.68;100;9944366897;S
20240326;100204;294.68;600;9944367268;S
20240326;100204;294.68;940;9944367413;S
20240326;100204;294.68;50;9944367414;S
20240326;100204;294.68;10;9944367415;S
20240326;100205;294.69;200;9944367603;B
20240326;100205;294.69;350;9944367604;B
20240326;100205;294.69;1030;9944367605;B
20240326;100205;294.69;910;9944367606;B
20240326;100206;294.69;4410;9944367723;S
20240326;100206;294.69;4410;9944367724;S
20240326;100207;294.7;50;9944367960;B
20240326;100208;294.7;7700;9944368130;B
20240326;100208;294.7;200;9944368209;B
20240326;100210;294.7;30;9944368528;B
20240326;100212;294.7;1220;9944369075;B
20240326;100212;294.7;10;9944369076;B
20240326;100212;294.7;50;9944369077;B
20240326;100212;294.7;400;9944369078;B
20240326;100212;294.7;1000;9944369079;B
20240326;100212;294.7;1000;9944369080;B
20240326;100212;294.7;130;9944369081;B
20240326;100212;294.7;10;9944369082;B
20240326;100212;294.7;1180;9944369083;B
20240326;100212;294.7;50;9944369193;B
20240326;100213;294.69;10;9944369238;S
20240326;100213;294.69;100;9944369316;S
20240326;100213;294.7;50;9944369403;B
20240326;100213;294.7;50;9944369483;B
20240326;100214;294.7;50;9944369551;B
20240326;100214;294.7;50;9944369618;B
20240326;100214;294.7;50;9944369681;B
20240326;100214;294.7;50;9944369708;B
20240326;100215;294.7;50;9944369873;B
20240326;100216;294.7;10;9944370126;B
20240326;100216;294.7;50;9944370161;B
20240326;100216;294.7;50;9944370205;B
20240326;100217;294.69;10;9944370242;S
20240326;100217;294.69;530;9944370276;S
20240326;100218;294.69;4410;9944370385;S
20240326;100218;294.69;4410;9944370387;S
20240326;100218;294.69;260;9944370481;S
20240326;100218;294.7;1310;9944370518;B
20240326;100218;294.7;10;9944370519;B
20240326;100218;294.7;2000;9944370520;B
20240326;100218;294.7;150;9944370521;B
20240326;100218;294.7;150;9944370522;B
20240326;100218;294.7;150;9944370523;B
20240326;100218;294.7;110;9944370524;B
20240326;100218;294.7;1030;9944370525;B
20240326;100218;294.7;90;9944370526;B
20240326;100219;294.69;4410;9944370564;S
20240326;100219;294.69;4410;9944370565;S
20240326;100219;294.69;40;9944370591;S
20240326;100219;294.7;50;9944370644;B
20240326;100220;294.69;4410;9944370811;S
20240326;100220;294.69;4410;9944370813;S
20240326;100221;294.7;200;9944370958;B
20240326;100221;294.69;100;9944370960;S
20240326;100221;294.69;4410;9944371028;S
20240326;100221;294.69;4410;9944371032;S
20240326;100221;294.69;2360;9944371041;S
20240326;100221;294.69;10;9944371042;S
20240326;100221;294.69;200;9944371043;S
20240326;100221;294.69;10;9944371044;S
20240326;100221;294.69;10;9944371045;B
20240326;100221;294.69;10;9944371110;B
20240326;100222;294.69;10;9944371141;B
20240326;100223;294.69;1800;9944371353;B
20240326;100223;294.69;400;9944371354;B
20240326;100223;294.7;60;9944371355;B
20240326;100223;294.7;350;9944371356;B
20240326;100223;294.7;1030;9944371357;B
20240326;100223;294.7;250;9944371358;B
20240326;100223;294.7;4410;9944371359;S
20240326;100223;294.7;1700;9944371361;S
20240326;100224;294.69;400;9944371451;B
20240326;100224;294.69;1030;9944371452;B
20240326;100224;294.69;350;9944371453;B
20240326;100224;294.69;60;9944371454;B
20240326;100224;294.7;160;9944371455;B
20240326;100224;294.68;50;9944371602;S
20240326;100225;294.68;250;9944371745;S
20240326;100226;294.69;140;9944371842;B
20240326;100227;294.69;260;9944372139;B
20240326;100227;294.69;1030;9944372140;B
20240326;100227;294.69;350;9944372141;B
20240326;100227;294.7;2550;9944372142;B
20240326;100227;294.7;400;9944372143;B
20240326;100227;294.7;250;9944372144;B
20240326;100227;294.7;4250;9944372145;S
20240326;100228;294.71;500;9944372241;B
20240326;100228;294.71;150;9944372242;B
20240326;100228;294.71;1250;9944372243;B
20240326;100229;294.71;10;9944372374;B
20240326;100229;294.71;10;9944372572;B
20240326;100230;294.71;230;9944372783;B
20240326;100230;294.71;150;9944372784;B
20240326;100230;294.71;40;9944372785;B
20240326;100230;294.71;400;9944372786;B
20240326;100230;294.71;1030;9944372787;B
20240326;100230;294.71;80;9944372788;B
20240326;100230;294.71;350;9944372789;B
20240326;100230;294.71;100;9944372800;S
20240326;100231;294.72;420;9944372876;B
20240326;100231;294.72;560;9944372877;B
20240326;100231;294.72;190;9944373013;B
20240326;100231;294.71;250;9944373093;S
20240326;100232;294.71;90;9944373334;S
20240326;100233;294.71;50;9944373381;S
20240326;100233;294.72;10;9944373477;B
20240326;100233;294.71;40;9944373526;S
20240326;100234;294.72;10;9944373576;B
20240326;100234;294.71;50;9944373682;S
20240326;100235;294.72;230;9944373807;B
20240326;100235;294.72;370;9944373808;B
20240326;100238;294.72;10;9944374319;B
20240326;100240;294.72;1620;9944374735;B
20240326;100240;294.72;400;9944374736;B
20240326;100240;294.72;420;9944374737;B
20240326;100240;294.72;1030;9944374738;B
20240326;100240;294.72;200;9944374739;B
20240326;100240;294.72;910;9944374740;B
20240326;100240;294.72;350;9944374741;B
20240326;100240;294.73;1700;9944374742;B
20240326;100240;294.73;5750;9944374743;B
20240326;100240;294.73;7100;9944374744;B
20240326;100240;294.73;10;9944374745;B
20240326;100240;294.73;420;9944374746;B
20240326;100240;294.73;90;9944374747;B
20240326;100240;294.72;10;9944374793;B
20240326;100243;294.73;100;9944375378;B
20240326;100243;294.73;300;9944375421;B
20240326;100243;294.73;420;9944375422;B
20240326;100243;294.73;1030;9944375423;B
20240326;100243;294.73;2500;9944375424;B
20240326;100243;294.73;910;9944375425;B
20240326;100243;294.73;240;9944375426;B
20240326;100243;294.74;1000;9944375435;B
20240326;100243;294.74;100;9944375436;B
20240326;100243;294.74;420;9944375437;B
20240326;100243;294.75;200;9944375438;B
20240326;100243;294.75;280;9944375439;B
20240326;100243;294.74;10;9944375456;B
20240326;100245;294.74;60;9944375679;B
20240326;100245;294.73;280;9944375711;S
20240326;100245;294.73;10;9944375735;S
20240326;100246;294.73;10;9944375815;S
20240326;100246;294.74;170;9944375841;B
20240326;100247;294.74;700;9944376021;B
20240326;100247;294.74;30;9944376166;B
20240326;100247;294.74;310;9944376167;B
20240326;100248;294.74;100;9944376432;S
20240326;100249;294.75;10;9944376621;B
20240326;100249;294.75;50;9944376675;B
20240326;100251;294.75;80;9944376977;B
20240326;100251;294.75;50;9944376978;B
20240326;100251;294.75;100;9944376979;B
20240326;100251;294.75;2500;9944376980;B
20240326;100251;294.75;50;9944376981;B
20240326;100251;294.76;420;9944376982;B
20240326;100251;294.76;580;9944376983;B
20240326;100251;294.76;150;9944376984;B
20240326;100251;294.76;100;9944376985;S
20240326;100252;294.77;50;9944377153;B
20240326;100252;294.77;100;9944377154;B
20240326;100252;294.76;200;9944377160;S
20240326;100253;294.77;70;9944377355;B
20240326;100254;294.76;7550;9944377542;S
20240326;100257;294.76;10;9944378255;S
20240326;100258;294.77;100;9944378423;B
20240326;100258;294.77;10;9944378454;B
20240326;100259;294.77;40;9944378661;B
20240326;100300;294.77;90;9944378757;B
20240326;100300;294.77;90;9944378758;B
20240326;100300;294.77;420;9944378759;B
20240326;100300;294.77;10;9944378760;B
20240326;100300;294.77;1490;9944378761;B
20240326;100300;294.77;20;9944378822;B
20240326;100301;294.76;3000;9944379147;S
20240326;100301;294.76;50;9944379366;S
20240326;100302;294.77;490;9944379519;B
20240326;100302;294.77;50;9944379520;B
20240326;100302;294.77;360;9944379521;B
20240326;100303;294.77;300;9944379743;B
20240326;100303;294.77;120;9944379749;B
20240326;100303;294.77;250;9944379750;B
20240326;100303;294.77;10;9944379769;B
20240326;100303;294.77;10;9944379883;B
20240326;100303;294.77;10;9944379902;B
20240326;100304;294.76;20;9944379958;S
20240326;100304;294.77;20;9944379967;B
20240326;100305;294.76;140;9944380106;S
20240326;100305;294.76;20;9944380107;S
20240326;100305;294.76;100;9944380108;S
20240326;100305;294.76;740;9944380109;S
20240326;100305;294.76;500;9944380132;S
20240326;100305;294.76;500;9944380193;S
20240326;100305;294.76;100;9944380194;S
20240326;100305;294.76;10;9944380197;S
20240326;100305;294.77;70;9944380224;B
20240326;100306;294.77;10;9944380385;B
20240326;100306;294.76;1900;9944380546;S
20240326;100308;294.77;10;9944380853;B
20240326;100309;294.77;10;9944381162;B
20240326;100309;294.77;100;9944381163;B
20240326;100309;294.77;300;9944381164;B
20240326;100309;294.77;1090;9944381165;B
20240326;100309;294.77;10;9944381203;B
20240326;100311;294.76;100;9944381644;S
20240326;100311;294.76;1000;9944381659;S
20240326;100311;294.76;100;9944381724;S
20240326;100312;294.77;10;9944381770;B
20240326;100313;294.77;280;9944382028;B
20240326;100313;294.77;210;9944382040;B
20240326;100313;294.77;420;9944382041;B
20240326;100313;294.77;200;9944382042;B
20240326;100313;294.77;1030;9944382043;B
20240326;100313;294.77;280;9944382044;B
20240326;100313;294.77;10;9944382120;B
20240326;100314;294.77;2000;9944382202;B
20240326;100314;294.77;420;9944382203;B
20240326;100315;294.78;100;9944382526;B
20240326;100315;294.78;300;9944382533;B
20240326;100316;294.78;250;9944382638;B
20240326;100316;294.78;10;9944382639;B
20240326;100316;294.78;150;9944382640;B
20240326;100316;294.78;890;9944382641;B
20240326;100316;294.77;500;9944382714;S
20240326;100316;294.78;10;9944382740;B
20240326;100318;294.78;30;9944383053;B
20240326;100318;294.78;870;9944383127;B
20240326;100318;294.78;400;9944383128;B
20240326;100318;294.78;730;9944383129;B
20240326;100319;294.77;300;9944383190;S
20240326;100319;294.77;10;9944383210;S
20240326;100321;294.77;1000;9944383484;S
20240326;100322;294.78;280;9944383626;B
20240326;100322;294.77;100;9944383667;S
20240326;100322;294.77;100;9944383743;S
20240326;100322;294.78;30;9944383801;B
20240326;100324;294.78;20;9944384402;B
20240326;100324;294.77;4000;9944384407;S
20240326;100324;294.77;350;9944384448;S
20240326;100324;294.77;500;9944384449;S
20240326;100324;294.78;90;9944384482;B
20240326;100325;294.77;20;9944384511;S
20240326;100325;294.77;10;9944384547;S
20240326;100325;294.78;50;9944384595;B
20240326;100326;294.77;470;9944384884;S
20240326;100326;294.77;10000;9944384923;S
20240326;100326;294.78;40;9944384952;B
20240326;100326;294.78;170;9944384953;B
20240326;100327;294.78;400;9944385022;B
20240326;100327;294.78;510;9944385026;B
20240326;100327;294.78;150;9944385027;B
20240326;100327;294.78;2000;9944385028;B
20240326;100327;294.78;30;9944385029;B
20240326;100327;294.77;250;9944385048;S
20240326;100327;294.77;250;9944385083;S
20240326;100328;294.78;2470;9944385184;B
20240326;100328;294.78;420;9944385185;B
20240326;100328;294.78;1000;9944385186;B
20240326;100328;294.78;100;9944385187;B
20240326;100328;294.78;40;9944385188;B
20240326;100328;294.78;50;9944385189;B
20240326;100328;294.78;2000;9944385190;B
20240326;100328;294.78;2000;9944385191;B
20240326;100328;294.78;350;9944385192;B
20240326;100328;294.78;2000;9944385193;S
20240326;100328;294.78;2000;9944385194;S
20240326;100328;294.78;2000;9944385195;S
20240326;100328;294.78;50;9944385201;S
20240326;100328;294.78;250;9944385245;S
20240326;100328;294.78;250;9944385274;S
20240326;100330;294.79;10;9944385881;B
20240326;100330;294.79;10;9944385882;B
20240326;100330;294.79;10;9944385883;B
20240326;100331;294.79;10;9944386021;B
20240326;100331;294.78;300;9944386101;S
20240326;100333;294.78;50;9944386546;S
20240326;100334;294.79;10;9944386714;B
20240326;100334;294.78;100;9944386736;S
20240326;100335;294.79;390;9944386772;B
20240326;100335;294.79;810;9944386773;B
20240326;100335;294.79;400;9944386807;B
20240326;100336;294.78;200;9944386974;S
20240326;100336;294.78;180;9944386977;S
20240326;100337;294.79;110;9944387291;B
20240326;100338;294.78;1000;9944387452;S
20240326;100340;294.79;40;9944387647;B
20240326;100341;294.79;170;9944387941;B
20240326;100342;294.79;150;9944388439;B
20240326;100342;294.79;200;9944388474;B
20240326;100345;294.78;50;9944388991;S
20240326;100346;294.78;250;9944389135;S
20240326;100346;294.78;250;9944389178;S
20240326;100346;294.79;10;9944389215;B
20240326;100346;294.78;40;9944389243;S
20240326;100348;294.78;230;9944389536;S
20240326;100348;294.79;280;9944389604;B
20240326;100349;294.79;200;9944389688;B
20240326;100353;294.79;60;9944390414;B
20240326;100353;294.78;150;9944390572;S
20240326;100353;294.78;300;9944390632;S
20240326;100355;294.79;10;9944391016;B
20240326;100355;294.79;10;9944391069;B
20240326;100356;294.79;280;9944391086;B
20240326;100356;294.78;150;9944391187;S
20240326;100356;294.78;250;9944391230;S
20240326;100356;294.79;20;9944391264;B
20240326;100357;294.78;250;9944391272;S
20240326;100358;294.79;30;9944391464;B
20240326;100358;294.79;100;9944391548;B
20240326;100359;294.79;120;9944391582;B
20240326;100359;294.79;1000;9944391583;B
20240326;100359;294.79;250;9944391584;B
20240326;100359;294.79;220;9944391585;B
20240326;100359;294.79;10;9944391586;B
20240326;100359;294.79;140;9944391587;B
20240326;100359;294.79;2000;9944391588;B
20240326;100359;294.79;10;9944391589;B
20240326;100359;294.8;10;9944391590;B
20240326;100359;294.8;200;9944391591;B
20240326;100359;294.8;10;9944391592;B
20240326;100359;294.8;50;9944391593;B
20240326;100359;294.8;10;9944391594;B
20240326;100359;294.8;420;9944391595;B
20240326;100359;294.8;250;9944391596;B
20240326;100359;294.8;300;9944391597;B
20240326;100359;294.8;50;9944391604;B
20240326;100359;294.8;100;9944391637;B
20240326;100359;294.78;1000;9944391765;S
20240326;100359;294.8;50;9944391882;B
20240326;100359;294.8;200;9944391883;B
20240326;100359;294.8;2000;9944391884;B
20240326;100359;294.8;10000;9944391885;B
20240326;100359;294.8;2000;9944391886;B
20240326;100359;294.8;2000;9944391887;B
20240326;100359;294.8;2000;9944391888;B
20240326;100359;294.8;1000;9944391889;B
20240326;100359;294.8;400;9944391890;B
20240326;100359;294.81;110;9944391891;B
20240326;100359;294.81;420;9944391892;B
20240326;100359;294.81;2000;9944391893;B
20240326;100359;294.81;420;9944391894;B
20240326;100359;294.81;10;9944391895;B
20240326;100359;294.82;420;9944391896;B
20240326;100359;294.82;200;9944391897;B
20240326;100359;294.82;1000;9944391898;B
20240326;100359;294.82;400;9944391899;B
20240326;100359;294.82;2000;9944391900;B
20240326;100359;294.82;350;9944391901;B
20240326;100359;294.83;10;9944391902;B
20240326;100359;294.83;10000;9944391903;B
20240326;100359;294.83;10;9944391904;B
20240326;100359;294.83;420;9944391905;B
20240326;100359;294.84;420;9944391906;B
20240326;100359;294.84;720;9944391907;B
20240326;100359;294.84;510;9944391908;B
20240326;100359;294.85;10;9944391909;B
20240326;100359;294.85;10450;9944391910;B
20240326;100400;294.79;400;9944392004;S
20240326;100400;294.79;600;9944392044;B
20240326;100400;294.8;200;9944392045;B
20240326;100400;294.8;50;9944392046;B
20240326;100400;294.84;2000;9944392047;B
20240326;100400;294.85;1550;9944392048;B
20240326;100400;294.85;600;9944392049;B
20240326;100400;294.84;100;9944392217;B
20240326;100400;294.84;280;9944392268;B
20240326;100402;294.84;420;9944392770;B
20240326;100402;294.84;280;9944392801;B
20240326;100403;294.8;400;9944393210;S
20240326;100403;294.79;350;9944393211;S
20240326;100403;294.78;250;9944393212;S
20240326;100403;294.85;40;9944393232;B
20240326;100403;294.85;400;9944393233;B
20240326;100403;294.8;400;9944393234;S
20240326;100403;294.79;350;9944393235;S
20240326;100403;294.78;250;9944393236;S
20240326;100405;294.79;400;9944393724;S
20240326;100405;294.79;100;9944393725;S
20240326;100407;294.79;910;9944394094;S
20240326;100407;294.79;400;9944394095;S
20240326;100407;294.78;1190;9944394096;S
20240326;100409;294.8;30;9944394496;B
20240326;100410;294.8;10;9944394543;B
20240326;100410;294.8;10;9944394581;B
20240326;100410;294.79;400;9944394667;S
20240326;100410;294.78;1000;9944394668;S
20240326;100411;294.79;400;9944394781;S
20240326;100411;294.78;4400;9944394782;S
20240326;100412;294.8;280;9944394944;B
20240326;100413;294.8;10;9944395163;B
20240326;100415;294.79;10;9944395467;S
20240326;100415;294.8;10;9944395518;B
20240326;100416;294.79;390;9944395865;S
20240326;100416;294.78;410;9944395866;S
20240326;100417;294.79;220;9944395937;S
20240326;100417;294.79;10;9944396091;S
20240326;100418;294.79;10;9944396146;S
20240326;100419;294.8;10;9944396389;B
20240326;100419;294.8;300;9944396408;B
20240326;100419;294.78;30;9944396488;S
20240326;100420;294.8;280;9944396543;B
20240326;100420;294.78;50;9944396792;S
20240326;100422;294.79;10;9944397085;B
20240326;100423;294.79;20;9944397371;B
20240326;100424;294.79;40;9944397486;B
20240326;100424;294.78;80;9944397499;S
20240326;100424;294.78;2610;9944397530;S
20240326;100424;294.78;30;9944397531;S
20240326;100424;294.78;350;9944397532;S
20240326;100424;294.78;500;9944397533;S
20240326;100424;294.78;10;9944397534;S
20240326;100424;294.78;50;9944397535;S
20240326;100424;294.78;10;9944397536;S
20240326;100424;294.78;270;9944397537;S
20240326;100424;294.77;9720;9944397538;S
20240326;100424;294.77;30;9944397539;S
20240326;100424;294.77;10;9944397540;S
20240326;100424;294.77;330;9944397541;S
20240326;100426;294.77;80;9944397785;B
20240326;100426;294.77;60;9944397786;B
20240326;100426;294.76;50;9944397802;S
20240326;100426;294.76;60;9944397803;S
20240326;100426;294.76;600;9944397804;S
20240326;100426;294.76;530;9944397805;S
20240326;100426;294.76;10;9944397806;S
20240326;100426;294.75;10;9944397807;S
20240326;100426;294.75;150;9944397808;S
20240326;100426;294.75;20;9944397809;S
20240326;100426;294.75;100;9944397810;S
20240326;100426;294.74;420;9944397811;S
20240326;100426;294.73;40;9944397812;S
20240326;100426;294.73;800;9944397813;S
20240326;100426;294.73;420;9944397814;S
20240326;100426;294.72;4490;9944397815;S
20240326;100426;294.72;510;9944397830;S
20240326;100426;294.72;290;9944397831;S
20240326;100426;294.72;40;9944397872;S
20240326;100428;294.72;460;9944398306;S
20240326;100428;294.73;400;9944398411;B
20240326;100428;294.73;100;9944398412;B
20240326;100428;294.73;100;9944398413;B
20240326;100428;294.74;100;9944398414;B
20240326;100428;294.75;30;9944398415;B
20240326;100428;294.76;2000;9944398416;B
20240326;100428;294.76;100;9944398417;B
20240326;100428;294.79;870;9944398418;B
20240326;100428;294.79;10;9944398419;B
20240326;100428;294.79;10;9944398420;B
20240326;100428;294.79;6280;9944398421;B
20240326;100429;294.71;10;9944398605;S
20240326;100430;294.71;10;9944398775;S
20240326;100431;294.71;10;9944398900;S
20240326;100431;294.71;250;9944398993;S
20240326;100431;294.72;100;9944398994;B
20240326;100431;294.77;100;9944398995;B
20240326;100431;294.78;350;9944398996;B
20240326;100431;294.79;4450;9944398997;B
20240326;100431;294.72;250;9944399018;S
20240326;100432;294.71;250;9944399032;S
20240326;100432;294.78;1000;9944399057;B
20240326;100432;294.72;250;9944399065;S
20240326;100432;294.79;10;9944399079;B
20240326;100432;294.72;250;9944399113;S
20240326;100434;294.78;400;9944399397;B
20240326;100434;294.79;600;9944399398;B
20240326;100434;294.79;10;9944399432;B
20240326;100434;294.72;150;9944399480;S
20240326;100435;294.71;470;9944399622;S
20240326;100435;294.71;420;9944399623;S
20240326;100435;294.71;400;9944399624;S
20240326;100435;294.7;50;9944399625;S
20240326;100435;294.7;100;9944399626;S
20240326;100435;294.7;100;9944399627;S
20240326;100435;294.7;20;9944399628;S
20240326;100435;294.7;5000;9944399629;S
20240326;100435;294.7;420;9944399630;S
20240326;100435;294.7;10;9944399631;S
20240326;100435;294.7;10;9944399632;S
20240326;100438;294.69;90;9944400038;S
20240326;100438;294.69;420;9944400039;S
20240326;100438;294.69;500;9944400040;S
20240326;100438;294.69;400;9944400041;S
20240326;100438;294.68;700;9944400042;S
20240326;100438;294.68;4000;9944400043;S
20240326;100438;294.68;10;9944400044;S
20240326;100438;294.68;200;9944400045;S
20240326;100438;294.68;420;9944400046;S
20240326;100439;294.67;30;9944400204;S
20240326;100439;294.67;100;9944400205;S
20240326;100439;294.66;30;9944400206;S
20240326;100439;294.66;10;9944400273;S
20240326;100439;294.68;10;9944400331;B
20240326;100440;294.68;490;9944400447;B
20240326;100440;294.7;510;9944400448;B
20240326;100440;294.7;50;9944400452;B
20240326;100440;294.67;400;9944400559;S
20240326;100440;294.66;1550;9944400560;S
20240326;100440;294.7;2440;9944400571;B
20240326;100440;294.7;130;9944400572;B
20240326;100440;294.71;30;9944400573;B
20240326;100440;294.71;910;9944400574;B
20240326;100440;294.71;400;9944400575;B
20240326;100441;294.71;40;9944400705;S
20240326;100441;294.71;10;9944400736;S
20240326;100443;294.78;10;9944401026;B
20240326;100443;294.78;30;9944401058;B
20240326;100443;294.73;10;9944401137;S
20240326;100443;294.71;990;9944401138;S
20240326;100444;294.71;1800;9944401273;S
20240326;100445;294.78;40;9944401401;B
20240326;100445;294.71;30;9944401469;S
20240326;100445;294.71;220;9944401486;S
20240326;100445;294.69;160;9944401487;S
20240326;100446;294.78;50;9944401518;B
20240326;100449;294.73;20;9944401933;B
20240326;100449;294.74;10;9944401934;B
20240326;100449;294.76;70;9944401935;B
20240326;100449;294.77;420;9944401957;B
20240326;100449;294.77;400;9944401958;B
20240326;100449;294.78;180;9944401959;B
20240326;100450;294.71;10;9944402297;B
20240326;100451;294.71;10;9944402384;B
20240326;100451;294.7;190;9944402435;S
20240326;100451;294.7;310;9944402436;S
20240326;100456;294.69;2000;9944403322;S
20240326;100456;294.69;400;9944403323;S
20240326;100456;294.69;600;9944403324;S
20240326;100456;294.71;10;9944403344;B
20240326;100456;294.73;10;9944403464;B
20240326;100457;294.73;100;9944403600;B
20240326;100457;294.73;20;9944403601;B
20240326;100459;294.71;20;9944403955;S
20240326;100500;294.69;500;9944404216;S
20240326;100500;294.68;30;9944404217;S
20240326;100500;294.68;500;9944404218;S
20240326;100500;294.67;330;9944404219;S
20240326;100501;294.67;70;9944404482;S
20240326;100501;294.67;50;9944404530;S
20240326;100501;294.67;100;9944404602;S
20240326;100501;294.67;100;9944404628;S
20240326;100501;294.69;400;9944404630;B
20240326;100501;294.7;480;9944404631;B
20240326;100501;294.7;120;9944404632;B
20240326;100501;294.67;100;9944404668;S
20240326;100501;294.67;80;9944404689;S
20240326;100502;294.66;100;9944404714;S
20240326;100502;294.66;100;9944404762;S
20240326;100502;294.66;100;9944404783;S
20240326;100502;294.66;100;9944404809;S
20240326;100502;294.66;100;9944404821;S
20240326;100502;294.66;100;9944404845;S
20240326;100502;294.66;40;9944404892;S
20240326;100504;294.69;100;9944405319;B
20240326;100504;294.69;100;9944405337;B
20240326;100504;294.69;100;9944405349;B
20240326;100504;294.69;100;9944405356;B
20240326;100505;294.69;100;9944405365;B
20240326;100505;294.69;40;9944405385;B
20240326;100505;294.69;70;9944405408;B
20240326;100505;294.69;100;9944405453;B
20240326;100505;294.66;3000;9944405489;S
20240326;100506;294.69;90;9944405580;B
20240326;100506;294.69;10;9944405581;B
20240326;100506;294.69;100;9944405611;B
20240326;100506;294.69;100;9944405622;B
20240326;100506;294.69;60;9944405644;B
20240326;100508;294.66;200;9944405945;S
20240326;100509;294.69;140;9944405997;B
20240326;100509;294.7;210;9944405998;B
20240326;100511;294.66;10;9944406531;B
20240326;100511;294.66;10;9944406598;B
20240326;100513;294.65;800;9944406771;S
20240326;100513;294.65;1000;9944406822;S
20240326;100516;294.65;60;9944407289;S
20240326;100519;294.66;20;9944407629;B
20240326;100519;294.66;50;9944407643;B
20240326;100519;294.66;450;9944407644;B
20240326;100519;294.65;1600;9944407704;S
20240326;100519;294.65;40;9944407705;S
20240326;100521;294.64;70;9944408017;S
20240326;100521;294.64;100;9944408018;S
20240326;100521;294.64;200;9944408019;S
20240326;100521;294.64;10;9944408020;S
20240326;100521;294.64;910;9944408021;S
20240326;100521;294.63;200;9944408022;S
20240326;100521;294.63;20;9944408023;S
20240326;100521;294.63;420;9944408024;S
20240326;100521;294.62;420;9944408025;S
20240326;100521;294.62;920;9944408026;S
20240326;100521;294.61;420;9944408027;S
20240326;100521;294.61;750;9944408028;S
20240326;100521;294.6;2500;9944408029;S
20240326;100521;294.6;80;9944408030;S
20240326;100521;294.6;420;9944408031;S
20240326;100521;294.6;750;9944408032;S
20240326;100521;294.6;10;9944408033;S
20240326;100521;294.6;2800;9944408034;S
20240326;100523;294.56;10;9944408423;B
20240326;100526;294.56;10;9944409056;B
20240326;100527;294.55;20;9944409096;S
20240326;100527;294.56;100;9944409108;B
20240326;100527;294.57;100;9944409129;B
20240326;100527;294.57;10;9944409188;B
20240326;100529;294.56;420;9944409528;S
20240326;100529;294.56;590;9944409529;S
20240326;100531;294.56;10;9944410083;B
20240326;100532;294.56;80;9944410189;B
20240326;100533;294.56;100;9944410364;B
20240326;100533;294.55;30;9944410410;S
20240326;100533;294.55;10;9944410411;S
20240326;100533;294.55;10;9944410412;S
20240326;100533;294.55;420;9944410413;S
20240326;100533;294.55;100;9944410414;S
20240326;100533;294.55;20;9944410415;S
20240326;100533;294.53;50;9944410446;S
20240326;100533;294.54;110;9944410469;B
20240326;100533;294.54;120;9944410532;B
20240326;100533;294.54;40;9944410533;B
20240326;100533;294.55;150;9944410534;B
20240326;100533;294.53;30;9944410556;S
20240326;100538;294.54;910;9944411354;S
20240326;100538;294.54;400;9944411355;S
20240326;100538;294.54;420;9944411356;S
20240326;100538;294.53;10;9944411357;S
20240326;100538;294.53;420;9944411358;S
20240326;100538;294.52;420;9944411359;S
20240326;100538;294.51;80;9944411360;S
20240326;100538;294.51;340;9944411361;S
20240326;100538;294.54;100;9944411468;B
20240326;100539;294.5;300;9944411580;S
20240326;100539;294.5;2500;9944411581;S
20240326;100539;294.5;10;9944411582;S
20240326;100539;294.5;400;9944411583;S
20240326;100539;294.5;20;9944411584;S
20240326;100539;294.5;60;9944411585;S
20240326;100539;294.5;680;9944411586;S
20240326;100539;294.5;1800;9944411587;S
20240326;100539;294.5;10;9944411588;S
20240326;100539;294.5;200;9944411589;S
20240326;100539;294.5;50;9944411590;S
20240326;100539;294.5;120;9944411591;S
20240326;100539;294.49;100;9944411624;S
20240326;100539;294.5;10;9944411687;B
20240326;100540;294.49;50;9944411803;S
20240326;100541;294.49;100;9944411884;S
20240326;100541;294.5;80;9944411944;B
20240326;100541;294.49;100;9944411981;S
20240326;100542;294.49;450;9944412090;S
20240326;100542;294.49;20;9944412091;S
20240326;100542;294.49;30;9944412092;S
20240326;100542;294.49;100;9944412148;S
20240326;100543;294.5;100;9944412300;B
20240326;100544;294.49;100;9944412427;S
20240326;100545;294.5;4500;9944412595;B
20240326;100545;294.49;10;9944412597;S
20240326;100546;294.49;10;9944412842;S
20240326;100546;294.49;10;9944412884;S
20240326;100547;294.5;370;9944412932;B
20240326;100548;294.49;200;9944413296;S
20240326;100550;294.49;1540;9944413630;S
20240326;100550;294.49;100;9944413631;S
20240326;100550;294.49;20;9944413632;S
20240326;100550;294.47;1340;9944413633;S
20240326;100550;294.49;400;9944413634;B
20240326;100550;294.49;1600;9944413635;S
20240326;100550;294.49;2000;9944413637;B
20240326;100550;294.48;400;9944413638;B
20240326;100550;294.49;2000;9944413639;S
20240326;100550;294.49;2000;9944413640;S
20240326;100550;294.49;2000;9944413711;B
20240326;100552;294.48;1600;9944413890;S
20240326;100552;294.48;400;9944413891;S
20240326;100552;294.48;2910;9944413892;S
20240326;100552;294.47;90;9944413893;B
20240326;100552;294.49;1000;9944413894;B
20240326;100552;294.49;1000;9944413895;B
20240326;100554;294.48;1000;9944414267;S
20240326;100554;294.48;1000;9944414268;S
20240326;100554;294.47;500;9944414269;S
20240326;100555;294.48;400;9944414530;B
20240326;100556;294.47;500;9944414624;S
20240326;100556;294.46;1000;9944414625;S
20240326;100556;294.42;10;9944414627;S
20240326;100557;294.43;10000;9944414734;B
20240326;100601;294.44;10;9944415421;B
20240326;100602;294.44;10;9944415732;B
20240326;100603;294.44;90;9944415763;B
20240326;100603;294.44;480;9944415764;B
20240326;100605;294.44;10;9944416146;B
20240326;100605;294.43;30;9944416162;S
20240326;100606;294.44;30;9944416304;B
20240326;100607;294.44;10;9944416399;B
20240326;100607;294.44;100;9944416403;B
20240326;100607;294.44;620;9944416547;B
20240326;100607;294.44;400;9944416548;B
20240326;100607;294.44;10;9944416549;B
20240326;100607;294.44;10;9944416550;B
20240326;100607;294.45;420;9944416551;B
20240326;100607;294.45;910;9944416552;B
20240326;100610;294.45;2110;9944416874;S
20240326;100613;294.45;200;9944417417;S
20240326;100613;294.45;510;9944417435;S
20240326;100613;294.45;520;9944417452;S
20240326;100613;294.46;10;9944417458;B
20240326;100615;294.45;4000;9944417644;S
20240326;100618;294.45;10;9944418044;S
20240326;100618;294.45;280;9944418065;S
20240326;100618;294.45;10;9944418066;S
20240326;100618;294.45;10;9944418071;B
20240326;100619;294.44;30;9944418291;S
20240326;100619;294.44;10;9944418292;S
20240326;100619;294.42;30;9944418293;S
20240326;100619;294.43;420;9944418324;B
20240326;100619;294.43;280;9944418325;B
20240326;100620;294.42;60;9944418424;S
20240326;100620;294.41;10;9944418425;S
20240326;100620;294.41;30;9944418426;S
20240326;100622;294.42;10;9944418865;B
20240326;100622;294.41;20;9944418875;S
20240326;100622;294.41;80;9944418876;S
20240326;100623;294.41;10;9944419001;S
20240326;100624;294.42;100;9944419038;B
20240326;100624;294.42;30;9944419080;B
20240326;100625;294.41;100;9944419171;S
20240326;100625;294.41;210;9944419238;S
20240326;100625;294.41;290;9944419239;S
20240326;100625;294.41;350;9944419240;S
20240326;100625;294.41;20;9944419241;S
20240326;100625;294.4;300;9944419242;S
20240326;100625;294.41;400;9944419304;S
20240326;100625;294.4;600;9944419305;S
20240326;100626;294.41;60;9944419356;S
20240326;100627;294.41;70;9944419511;S
20240326;100627;294.42;10;9944419642;B
20240326;100629;294.41;270;9944420100;S
20240326;100630;294.41;10;9944420162;B
20240326;100630;294.41;20;9944420168;B
20240326;100630;294.4;400;9944420169;S
20240326;100631;294.4;560;9944420304;S
20240326;100631;294.4;580;9944420305;S
20240326;100632;294.4;60;9944420494;S
20240326;100633;294.41;1000;9944420797;B
20240326;100634;294.41;70;9944420995;B
20240326;100638;294.4;200;9944421505;S
20240326;100639;294.4;1500;9944421533;S
20240326;100640;294.41;200;9944421704;B
20240326;100640;294.4;150;9944421724;S
20240326;100640;294.4;10;9944421725;S
20240326;100640;294.4;150;9944421726;S
20240326;100640;294.4;100;9944421727;S
20240326;100640;294.4;90;9944421728;S
20240326;100644;294.41;110;9944422270;B
20240326;100646;294.41;20;9944422871;B
20240326;100647;294.4;30;9944423068;S
20240326;100647;294.4;70;9944423069;S
20240326;100649;294.41;10;9944423412;B
20240326;100649;294.41;950;9944423475;B
20240326;100649;294.41;50;9944423476;B
20240326;100649;294.4;730;9944423489;S
20240326;100649;294.4;30;9944423490;S
20240326;100649;294.4;460;9944423491;S
20240326;100649;294.4;10;9944423492;S
20240326;100649;294.4;400;9944423493;S
20240326;100649;294.4;370;9944423494;S
20240326;100652;294.4;60;9944423823;S
20240326;100652;294.4;70;9944423857;S
20240326;100652;294.4;2220;9944423858;S
20240326;100652;294.39;20;9944423859;S
20240326;100652;294.39;10;9944423860;S
20240326;100652;294.39;20;9944423861;S
20240326;100652;294.38;110;9944423862;S
20240326;100652;294.38;400;9944423863;S
20240326;100652;294.37;150;9944423864;S
20240326;100653;294.33;420;9944423944;S
20240326;100653;294.32;10;9944423945;S
20240326;100653;294.32;70;9944423946;S
20240326;100653;294.38;10;9944423960;B
20240326;100654;294.31;400;9944424050;S
20240326;100654;294.31;20;9944424154;S
20240326;100654;294.31;180;9944424155;S
20240326;100655;294.32;10;9944424262;B
20240326;100655;294.32;10;9944424301;B
20240326;100656;294.32;10;9944424356;B
20240326;100659;294.31;10;9944425016;S
20240326;100659;294.32;230;9944425042;B
20240326;100659;294.38;10;9944425043;B
20240326;100659;294.38;350;9944425044;B
20240326;100659;294.39;750;9944425045;B
20240326;100659;294.39;400;9944425046;B
20240326;100659;294.4;10;9944425047;B
20240326;100659;294.4;250;9944425048;B
20240326;100659;294.4;1020;9944425064;B
20240326;100659;294.41;50;9944425065;B
20240326;100659;294.41;100;9944425066;B
20240326;100659;294.41;20;9944425067;B
20240326;100659;294.41;50;9944425068;B
20240326;100659;294.41;400;9944425069;B
20240326;100659;294.42;420;9944425070;B
20240326;100701;294.42;940;9944425348;S
20240326;100701;294.41;400;9944425349;S
20240326;100701;294.39;660;9944425350;S
20240326;100702;294.39;400;9944425488;S
20240326;100702;294.38;3750;9944425489;S
20240326;100702;294.37;6060;9944425490;S
20240326;100702;294.36;420;9944425491;S
20240326;100702;294.36;2000;9944425492;S
20240326;100702;294.35;420;9944425493;S
20240326;100702;294.35;2000;9944425494;S
20240326;100702;294.34;420;9944425495;S
20240326;100702;294.34;750;9944425496;S
20240326;100702;294.33;420;9944425497;S
20240326;100702;294.33;500;9944425498;S
20240326;100702;294.33;750;9944425499;S
20240326;100702;294.33;110;9944425500;S
20240326;100702;294.32;420;9944425588;S
20240326;100702;294.32;910;9944425589;S
20240326;100702;294.32;400;9944425590;S
20240326;100702;294.32;2000;9944425591;S
20240326;100702;294.32;2000;9944425592;S
20240326;100702;294.31;410;9944425593;S
20240326;100702;294.31;8000;9944425594;S
20240326;100702;294.3;30;9944425595;S
20240326;100702;294.3;40;9944425596;S
20240326;100702;294.3;420;9944425597;S
20240326;100702;294.3;10;9944425598;S
20240326;100702;294.3;420;9944425599;S
20240326;100702;294.3;50;9944425600;S
20240326;100702;294.29;30;9944425601;S
20240326;100702;294.29;70;9944425602;S
20240326;100702;294.29;500;9944425603;S
20240326;100702;294.29;420;9944425604;S
20240326;100702;294.29;50;9944425605;S
20240326;100702;294.29;750;9944425606;S
20240326;100702;294.29;2000;9944425607;S
20240326;100702;294.29;2000;9944425608;S
20240326;100703;294.34;10;9944425743;B
20240326;100703;294.29;2000;9944425756;S
20240326;100703;294.29;400;9944425757;S
20240326;100703;294.28;30;9944425758;S
20240326;100703;294.28;30;9944425759;S
20240326;100703;294.27;30;9944425760;S
20240326;100703;294.27;420;9944425761;S
20240326;100703;294.26;30;9944425762;S
20240326;100703;294.26;10;9944425763;S
20240326;100703;294.26;2050;9944425764;S
20240326;100704;294.28;70;9944425923;S
20240326;100704;294.3;10;9944425946;B
20240326;100704;294.27;100;9944425968;B
20240326;100705;294.27;100;9944425988;B
20240326;100705;294.27;100;9944426001;B
20240326;100705;294.27;60;9944426037;B
20240326;100705;294.28;50;9944426119;B
20240326;100705;294.28;50;9944426120;B
20240326;100706;294.28;100;9944426130;B
20240326;100706;294.29;100;9944426203;B
20240326;100712;294.28;20;9944427265;S
20240326;100712;294.28;20;9944427266;S
20240326;100712;294.27;60;9944427267;S
20240326;100712;294.29;910;9944427336;S
20240326;100712;294.28;500;9944427337;S
20240326;100712;294.27;940;9944427338;S
20240326;100712;294.26;650;9944427339;S
20240326;100712;294.26;10;9944427377;B
20240326;100712;294.26;20;9944427416;B
20240326;100715;294.25;30;9944427798;S
20240326;100715;294.25;10;9944427799;S
20240326;100716;294.25;10;9944427834;S
20240326;100716;294.26;110;9944427878;B
20240326;100717;294.26;360;9944428085;B
20240326;100717;294.27;400;9944428086;B
20240326;100717;294.27;40;9944428087;B
20240326;100718;294.27;10;9944428157;B
20240326;100718;294.25;100;9944428182;S
20240326;100720;294.26;250;9944428489;S
20240326;100720;294.26;300;9944428581;S
20240326;100723;294.27;450;9944429049;B
20240326;100723;294.28;500;9944429050;B
20240326;100723;294.29;500;9944429051;B
20240326;100723;294.29;500;9944429052;B
20240326;100723;294.29;50;9944429053;B
20240326;100724;294.26;10;9944429372;B
20240326;100726;294.25;10;9944433205;S
20240326;100726;294.26;10;9944433244;B
20240326;100727;294.26;500;9944433326;B
20240326;100728;294.26;10;9944433542;S
20240326;100728;294.26;600;9944433572;S
20240326;100728;294.25;10;9944433573;S
20240326;100728;294.25;100;9944433574;S
20240326;100728;294.25;10;9944433575;S
20240326;100728;294.25;90;9944433576;S
20240326;100729;294.25;190;9944433649;B
20240326;100729;294.25;500;9944433650;B
20240326;100731;294.27;10;9944434095;B
20240326;100731;294.26;350;9944434207;S
20240326;100731;294.26;50;9944434208;S
20240326;100731;294.25;180;9944434209;S
20240326;100731;294.26;350;9944434210;S
20240326;100731;294.25;210;9944434211;S
20240326;100731;294.26;20;9944434503;B
20240326;100731;294.25;50;9944434563;S
20240326;100732;294.25;2000;9944434664;S
20240326;100732;294.26;30;9944434687;B
20240326;100736;294.26;10;9944435273;B
20240326;100737;294.26;30;9944435370;B
20240326;100738;294.26;460;9944435464;B
20240326;100738;294.26;50;9944435465;B
20240326;100738;294.26;10;9944435475;B
20240326;100738;294.26;30;9944435531;B
20240326;100739;294.26;30;9944435616;B
20240326;100739;294.25;1500;9944435726;S
20240326;100740;294.25;1660;9944435782;S
20240326;100740;294.26;30;9944435840;B
20240326;100741;294.26;30;9944436016;B
20240326;100744;294.26;3960;9944436445;B
20240326;100744;294.26;1040;9944436446;B
20240326;100745;294.26;40;9944436546;B
20240326;100745;294.26;1920;9944436567;B
20240326;100745;294.28;10;9944436621;B
20240326;100751;294.27;70;9944437422;S
20240326;100751;294.28;10;9944437457;B
20240326;100752;294.27;10;9944437575;S
20240326;100757;294.27;20;9944438636;S
20240326;100757;294.27;70;9944438795;S
20240326;100800;294.27;10;9944439420;S
20240326;100800;294.27;20;9944439421;S
20240326;100800;294.27;500;9944439422;S
20240326;100800;294.27;10;9944439423;S
20240326;100800;294.27;100;9944439424;S
20240326;100800;294.26;80;9944439425;S
20240326;100800;294.26;40;9944439426;S
20240326;100800;294.26;10;9944439427;S
20240326;100800;294.26;10;9944439428;S
20240326;100800;294.25;210;9944439429;S
20240326;100800;294.25;100;9944439430;S
20240326;100800;294.25;10;9944439431;S
20240326;100800;294.24;30;9944439432;S
20240326;100800;294.24;100;9944439433;S
20240326;100800;294.24;500;9944439434;S
20240326;100800;294.24;50;9944439435;S
20240326;100800;294.23;30;9944439436;S
20240326;100800;294.23;150;9944439437;S
20240326;100802;294.23;70;9944439623;B
20240326;100802;294.23;10;9944439748;B
20240326;100802;294.23;50;9944439780;B
20240326;100803;294.23;80;9944440026;B
20240326;100804;294.23;130;9944440146;B
20240326;100804;294.25;370;9944440147;B
20240326;100804;294.24;350;9944440224;S
20240326;100804;294.24;400;9944440225;S
20240326;100804;294.24;910;9944440226;S
20240326;100804;294.23;900;9944440227;S
20240326;100806;294.25;130;9944440587;B
20240326;100806;294.26;500;9944440588;B
20240326;100806;294.27;50;9944440589;B
20240326;100806;294.27;220;9944440590;B
20240326;100807;294.27;10;9944440665;B
20240326;100808;294.24;10;9944441071;S
20240326;100811;294.27;10;9944441546;B
20240326;100811;294.27;260;9944441623;B
20240326;100811;294.28;490;9944441624;B
20240326;100811;294.28;10;9944441625;B
20240326;100811;294.28;40;9944441626;B
20240326;100811;294.28;30;9944441627;B
20240326;100816;294.26;30;9944442639;S
20240326;100816;294.27;90;9944442649;B
20240326;100819;294.26;170;9944443194;S
20240326;100819;294.26;80;9944443195;S
20240326;100821;294.27;10;9944443438;B
20240326;100824;294.27;1500;9944443964;B
20240326;100824;294.28;400;9944443965;B
20240326;100824;294.29;420;9944443966;B
20240326;100824;294.29;50;9944443967;B
20240326;100824;294.29;200;9944443968;B
20240326;100824;294.29;20;9944443969;B
20240326;100824;294.29;50;9944443970;B
20240326;100824;294.3;500;9944443971;B
20240326;100824;294.3;1860;9944443972;B
20240326;100826;294.27;50;9944444289;S
20240326;100827;294.28;220;9944444297;B
20240326;100831;294.29;550;9944445174;S
20240326;100831;294.29;130;9944445177;S
20240326;100831;294.29;10;9944445178;S
20240326;100831;294.29;440;9944445179;S
20240326;100832;294.29;10;9944445456;S
20240326;100834;294.3;10;9944445781;B
20240326;100836;294.29;10;9944446110;S
20240326;100837;294.3;70;9944446279;B
20240326;100837;294.3;20;9944446285;B
20240326;100837;294.3;2000;9944446297;B
20240326;100837;294.29;10;9944446461;S
20240326;100837;294.3;50;9944446528;B
20240326;100838;294.3;2000;9944446597;B
20240326;100838;294.29;30;9944446612;S
20240326;100838;294.29;40;9944446613;S
20240326;100838;294.3;10;9944446641;B
20240326;100840;294.3;130;9944446949;B
20240326;100841;294.29;50;9944447163;S
20240326;100846;294.29;20;9944447969;S
20240326;100846;294.3;5000;9944447998;B
20240326;100847;294.29;90;9944448247;S
20240326;100847;294.29;100;9944448248;S
20240326;100847;294.29;500;9944448249;S
20240326;100847;294.29;200;9944448250;S
20240326;100847;294.29;160;9944448251;S
20240326;100847;294.3;850;9944448278;B
20240326;100847;294.3;20;9944448279;B
20240326;100847;294.3;30;9944448280;B
20240326;100847;294.3;10;9944448281;B
20240326;100847;294.3;30;9944448282;B
20240326;100847;294.31;40;9944448283;B
20240326;100847;294.32;100;9944448284;B
20240326;100847;294.32;500;9944448285;B
20240326;100847;294.32;50;9944448286;B
20240326;100847;294.33;750;9944448287;B
20240326;100847;294.33;500;9944448288;B
20240326;100847;294.33;60;9944448289;B
20240326;100847;294.33;300;9944448290;B
20240326;100847;294.33;400;9944448291;B
20240326;100847;294.34;500;9944448292;B
20240326;100847;294.34;750;9944448293;B
20240326;100847;294.34;70;9944448294;B
20240326;100847;294.35;40;9944448295;B
20240326;100849;294.35;20;9944448511;B
20240326;100850;294.34;10;9944448661;S
20240326;100851;294.34;490;9944448717;S
20240326;100851;294.33;1000;9944448718;S
20240326;100851;294.33;60;9944448719;S
20240326;100853;294.35;10;9944449065;B
20240326;100853;294.35;20;9944449089;B
20240326;100854;294.35;10;9944449152;B
20240326;100854;294.35;100;9944449222;B
20240326;100900;294.35;4840;9944450053;B
20240326;100900;294.35;80;9944450054;B
20240326;100900;294.35;1800;9944450055;B
20240326;100900;294.36;90;9944450056;B
20240326;100900;294.36;400;9944450057;B
20240326;100900;294.37;420;9944450058;B
20240326;100900;294.37;100;9944450059;B
20240326;100900;294.38;750;9944450060;B
20240326;100900;294.38;420;9944450061;B
20240326;100900;294.38;110;9944450062;B
20240326;100900;294.39;750;9944450063;B
20240326;100900;294.39;420;9944450064;B
20240326;100900;294.39;120;9944450065;B
20240326;100900;294.4;750;9944450066;B
20240326;100900;294.4;100;9944450067;B
20240326;100900;294.4;710;9944450068;B
20240326;100900;294.4;10;9944450069;B
20240326;100900;294.4;20;9944450070;B
20240326;100900;294.4;10;9944450071;B
20240326;100900;294.4;420;9944450072;B
20240326;100900;294.4;100;9944450073;B
20240326;100900;294.4;500;9944450074;B
20240326;100900;294.41;300;9944450085;B
20240326;100902;294.41;700;9944450439;B
20240326;100902;294.41;150;9944450440;B
20240326;100902;294.43;400;9944450441;B
20240326;100902;294.44;750;9944450442;B
20240326;100902;294.45;750;9944450443;B
20240326;100902;294.45;2000;9944450444;B
20240326;100902;294.45;420;9944450445;B
20240326;100902;294.46;1100;9944450446;B
20240326;100902;294.46;750;9944450447;B
20240326;100902;294.46;11000;9944450448;B
20240326;100902;294.46;420;9944450449;B
20240326;100902;294.47;750;9944450450;B
20240326;100902;294.47;420;9944450451;B
20240326;100902;294.47;910;9944450452;B
20240326;100902;294.48;100;9944450453;B
20240326;100902;294.48;1220;9944450454;B
20240326;100902;294.48;170;9944450455;B
20240326;100903;294.45;200;9944450468;S
20240326;100903;294.45;400;9944450469;S
20240326;100903;294.43;500;9944450470;S
20240326;100903;294.43;90;9944450471;S
20240326;100903;294.47;10;9944450599;B
20240326;100903;294.46;100;9944450673;S
20240326;100905;294.46;100;9944450971;S
20240326;100905;294.44;30;9944450972;S
20240326;100909;294.44;140;9944451569;S
20240326;100912;294.42;150;9944452034;S
20240326;100912;294.42;80;9944452042;S
20240326;100913;294.45;30;9944452303;B
20240326;100913;294.45;10;9944452331;B
20240326;100914;294.42;10;9944452360;S
20240326;100915;294.43;160;9944452695;B
20240326;100918;294.48;170;9944453160;S
20240326;100918;294.48;300;9944453221;S
20240326;100918;294.49;10;9944453235;B
20240326;100918;294.49;990;9944453249;B
20240326;100918;294.49;500;9944453250;B
20240326;100919;294.49;510;9944453394;S
20240326;100919;294.49;500;9944453395;S
20240326;100919;294.47;500;9944453396;S
20240326;100919;294.46;500;9944453397;S
20240326;100919;294.46;350;9944453398;S
20240326;100923;294.46;10;9944459083;B
20240326;100924;294.46;10;9944459192;B
20240326;100924;294.45;10;9944459239;S
20240326;100925;294.46;2620;9944459402;B
20240326;100925;294.46;10;9944459403;B
20240326;100925;294.5;10;9944459404;B
20240326;100925;294.5;50;9944459405;B
20240326;100925;294.5;15000;9944459406;B
20240326;100925;294.5;40;9944459407;B
20240326;100925;294.5;10;9944459408;B
20240326;100925;294.5;10;9944459409;B
20240326;100925;294.5;10;9944459410;B
20240326;100925;294.5;3890;9944459411;B
20240326;100927;294.48;10;9944459686;S
20240326;100927;294.48;10;9944459687;S
20240326;100927;294.5;20;9944459705;B
20240326;100927;294.49;20;9944459725;S
20240326;100928;294.5;1530;9944459867;B
20240326;100930;294.49;30;9944460165;S
20240326;100930;294.49;110;9944460216;S
20240326;100930;294.49;150;9944460239;S
20240326;100931;294.49;500;9944460378;S
20240326;100931;294.49;50;9944460379;S
20240326;100931;294.49;30;9944460380;S
20240326;100931;294.49;560;9944460381;S
20240326;100932;294.49;290;9944460573;S
20240326;100932;294.49;40;9944460609;S
20240326;100933;294.53;200;9944460743;B
20240326;100933;294.53;1000;9944460744;B
20240326;100933;294.54;420;9944460745;B
20240326;100933;294.55;10;9944460746;B
20240326;100933;294.55;16370;9944460747;B
20240326;100933;294.54;50;9944460750;B
20240326;100933;294.55;10;9944460769;B
20240326;100934;294.55;20;9944460911;B
20240326;100935;294.54;50;9944460997;S
20240326;100936;294.55;50;9944461219;B
20240326;100936;294.55;10;9944461298;B
20240326;100937;294.54;60;9944461423;S
20240326;100940;294.56;70;9944461903;S
20240326;100940;294.57;10;9944461942;B
20240326;100940;294.57;50;9944461943;B
20240326;100940;294.57;940;9944461944;B
20240326;100941;294.57;60;9944462047;B
20240326;100942;294.58;80;9944462220;S
20240326;100944;294.59;5000;9944462414;B
20240326;100944;294.59;90;9944462415;B
20240326;100944;294.59;420;9944462416;B
20240326;100944;294.6;1000;9944462417;B
20240326;100944;294.6;10;9944462418;B
20240326;100944;294.6;1110;9944462419;B
20240326;100944;294.6;10;9944462420;B
20240326;100944;294.6;420;9944462421;B
20240326;100944;294.61;420;9944462422;B
20240326;100944;294.62;750;9944462423;B
20240326;100944;294.62;420;9944462424;B
20240326;100944;294.62;800;9944462425;B
20240326;100944;294.63;750;9944462426;B
20240326;100944;294.63;8000;9944462427;B
20240326;100944;294.63;420;9944462428;B
20240326;100944;294.64;10;9944462429;B
20240326;100944;294.64;15000;9944462430;B
20240326;100944;294.64;210;9944462431;B
20240326;100945;294.63;90;9944462638;S
20240326;100946;294.63;10;9944462887;S
20240326;100947;294.65;10;9944463101;B
20240326;100947;294.65;30;9944463102;B
20240326;100948;294.64;100;9944463115;S
20240326;100948;294.64;300;9944463182;S
20240326;100948;294.64;500;9944463183;S
20240326;100948;294.63;200;9944463184;S
20240326;100949;294.65;10;9944463257;B
20240326;100950;294.65;10;9944463584;B
20240326;100950;294.64;110;9944463600;S
20240326;100951;294.65;450;9944463661;B
20240326;100951;294.65;1550;9944463786;S
20240326;100951;294.65;500;9944463787;S
20240326;100951;294.65;400;9944463788;S
20240326;100951;294.65;350;9944463789;S
20240326;100951;294.63;210;9944463790;S
20240326;100952;294.66;30;9944463939;B
20240326;100952;294.67;640;9944463940;B
20240326;100953;294.67;120;9944464107;S
20240326;100953;294.68;20;9944464318;B
20240326;100954;294.67;150;9944464383;S
20240326;100956;294.67;250;9944464830;S
20240326;100956;294.65;310;9944464831;S
20240326;100957;294.63;10;9944464974;S
20240326;100957;294.63;10;9944464975;S
20240326;100957;294.61;10;9944464976;S
20240326;100957;294.61;500;9944464977;S
20240326;100957;294.6;30;9944464978;S
20240326;100959;294.63;100;9944465343;B
20240326;101000;294.63;90;9944465515;B
20240326;101000;294.63;100;9944465539;B
20240326;101000;294.61;210;9944465615;B
20240326;101001;294.61;10;9944465792;B
20240326;101002;294.59;10;9944465864;S
20240326;101002;294.59;10;9944465865;S
20240326;101002;294.59;10;9944465866;S
20240326;101002;294.59;10;9944465867;S
20240326;101002;294.58;60;9944465868;S
20240326;101003;294.59;30;9944466018;B
20240326;101004;294.59;20;9944466124;B
20240326;101004;294.59;20;9944466131;B
20240326;101004;294.59;330;9944466138;B
20240326;101004;294.59;670;9944466139;B
20240326;101004;294.58;120;9944466279;S
20240326;101006;294.58;70;9944466545;S
20240326;101006;294.58;250;9944466551;S
20240326;101006;294.56;310;9944466552;S
20240326;101007;294.56;110;9944466781;S
20240326;101007;294.55;350;9944466827;B
20240326;101007;294.55;650;9944466828;B
20240326;101009;294.55;30;9944467271;B
20240326;101009;294.56;20;9944467312;B
20240326;101010;294.55;910;9944467465;S
20240326;101010;294.54;30;9944467466;S
20240326;101010;294.52;1000;9944467467;S
20240326;101010;294.51;400;9944467468;S
20240326;101010;294.5;50;9944467469;S
20240326;101010;294.5;10;9944467470;S
20240326;101010;294.5;470;9944467471;S
20240326;101010;294.5;420;9944467472;S
20240326;101010;294.5;500;9944467473;S
20240326;101010;294.5;10;9944467474;S
20240326;101010;294.49;200;9944467475;S
20240326;101011;294.55;100;9944467588;B
20240326;101011;294.55;70;9944467589;B
20240326;101012;294.48;500;9944467709;S
20240326;101012;294.48;30;9944467710;S
20240326;101012;294.48;1000;9944467711;S
20240326;101012;294.48;500;9944467712;S
20240326;101012;294.47;420;9944467713;S
20240326;101012;294.47;500;9944467714;S
20240326;101012;294.46;420;9944467715;S
20240326;101012;294.46;910;9944467716;S
20240326;101012;294.46;400;9944467717;S
20240326;101012;294.45;750;9944467718;S
20240326;101012;294.45;30;9944467719;S
20240326;101012;294.45;420;9944467720;S
20240326;101012;294.44;750;9944467721;S
20240326;101012;294.44;420;9944467722;S
20240326;101012;294.43;750;9944467723;S
20240326;101012;294.43;2000;9944467724;S
20240326;101012;294.43;420;9944467725;S
20240326;101012;294.42;750;9944467726;S
20240326;101012;294.42;50;9944467727;S
20240326;101012;294.42;10;9944467728;S
20240326;101012;294.42;420;9944467729;S
20240326;101012;294.42;800;9944467730;S
20240326;101012;294.41;750;9944467731;S
20240326;101012;294.41;420;9944467732;S
20240326;101012;294.41;2000;9944467733;S
20240326;101012;294.4;750;9944467734;S
20240326;101012;294.4;19420;9944467735;S
20240326;101017;294.41;10;9944468671;B
20240326;101019;294.4;100;9944469028;S
20240326;101019;294.41;30;9944469110;B
20240326;101022;294.4;480;9944469699;S
20240326;101022;294.4;20;9944469700;S
20240326;101023;294.41;10;9944469852;B
20240326;101024;294.41;350;9944469988;B
20240326;101024;294.41;520;9944469989;B
20240326;101024;294.41;350;9944469990;B
20240326;101024;294.41;3750;9944469991;B
20240326;101024;294.41;1030;9944469992;B
20240326;101024;294.42;10;9944469993;B
20240326;101024;294.42;420;9944469994;B
20240326;101024;294.43;10;9944470121;B
20240326;101025;294.42;3570;9944470239;S
20240326;101025;294.42;400;9944470240;S
20240326;101025;294.41;10;9944470241;S
20240326;101025;294.4;180;9944470242;S
20240326;101025;294.4;20;9944470243;S
20240326;101025;294.4;500;9944470244;S
20240326;101025;294.4;30;9944470245;S
20240326;101025;294.38;10;9944470246;S
20240326;101025;294.38;280;9944470247;S
20240326;101025;294.38;220;9944470260;S
20240326;101025;294.37;360;9944470261;S
20240326;101030;294.4;20;9944471132;B
20240326;101031;294.4;70;9944471295;B
20240326;101033;294.4;310;9944471862;B
20240326;101033;294.41;350;9944471863;B
20240326;101033;294.41;420;9944471864;B
20240326;101033;294.41;10;9944471865;B
20240326;101033;294.42;420;9944471866;B
20240326;101033;294.43;420;9944471867;B
20240326;101033;294.44;70;9944471868;B
20240326;101035;294.45;10;9944472086;B
20240326;101036;294.41;760;9944472205;S
20240326;101038;294.45;40;9944472614;B
20240326;101038;294.45;20;9944472656;B
20240326;101039;294.45;20;9944472846;B
20240326;101045;294.46;2000;9944473759;B
20240326;101056;294.45;10;9944475500;S
20240326;101056;294.45;10;9944475540;S
20240326;101057;294.45;50;9944475692;S
20240326;101101;294.45;280;9944476247;S
20240326;101101;294.45;500;9944476248;S
20240326;101101;294.45;1020;9944476249;S
20240326;101101;294.44;60;9944476250;S
20240326;101101;294.44;500;9944476251;S
20240326;101101;294.43;350;9944476252;S
20240326;101101;294.43;500;9944476253;S
20240326;101101;294.43;350;9944476254;S
20240326;101101;294.42;1030;9944476255;S
20240326;101101;294.42;410;9944476256;S
20240326;101102;294.43;350;9944476353;S
20240326;101102;294.43;500;9944476354;S
20240326;101102;294.43;1020;9944476355;S
20240326;101102;294.44;250;9944476417;S
20240326;101105;294.46;10;9944476792;B
20240326;101105;294.46;1500;9944476809;B
20240326;101108;294.45;30;9944477243;B
20240326;101108;294.46;20;9944477244;B
20240326;101109;294.46;100;9944477368;B
20240326;101109;294.45;10;9944477509;S
20240326;101109;294.45;70;9944477510;S
20240326;101110;294.45;430;9944477667;S
20240326;101110;294.43;350;9944477668;S
20240326;101110;294.43;500;9944477669;S
20240326;101110;294.43;1030;9944477670;S
20240326;101110;294.43;350;9944477671;S
20240326;101110;294.42;90;9944477672;S
20240326;101110;294.42;32250;9944477673;S
20240326;101111;294.45;200;9944477836;B
20240326;101112;294.43;10;9944477977;S
20240326;101114;294.44;70;9944478200;B
20240326;101115;294.44;100;9944478468;B
20240326;101118;294.44;10;9944478818;B
20240326;101118;294.44;300;9944478974;B
20240326;101120;294.43;1020;9944479116;S
20240326;101120;294.43;350;9944479117;S
20240326;101120;294.43;350;9944479118;S
20240326;101120;294.42;2750;9944479119;S
20240326;101120;294.42;440;9944479120;S
20240326;101120;294.42;50;9944479121;S
20240326;101120;294.41;20;9944479229;S
20240326;101120;294.4;50;9944479230;S
20240326;101122;294.41;10;9944479552;B
20240326;101126;294.41;20;9944480023;B
20240326;101129;294.41;10;9944480407;B
20240326;101131;294.4;20;9944480783;S
20240326;101131;294.4;100;9944480784;S
20240326;101131;294.4;20;9944480785;S
20240326;101131;294.4;100;9944480786;S
20240326;101131;294.4;320;9944480787;S
20240326;101131;294.4;580;9944480788;S
20240326;101133;294.41;1030;9944481207;B
20240326;101133;294.42;40;9944481208;B
20240326;101133;294.42;420;9944481209;B
20240326;101133;294.42;310;9944481210;B
20240326;101137;294.42;300;9944482115;B
20240326;101137;294.43;420;9944482116;B
20240326;101137;294.43;300;9944482117;B
20240326;101137;294.44;420;9944482118;B
20240326;101137;294.45;420;9944482119;B
20240326;101137;294.45;500;9944482120;B
20240326;101137;294.45;70;9944482121;B
20240326;101137;294.46;1370;9944482122;B
20240326;101137;294.46;20;9944482123;B
20240326;101137;294.46;420;9944482124;B
20240326;101137;294.46;750;9944482125;B
20240326;101137;294.47;1000;9944482126;B
20240326;101137;294.47;10;9944482127;B
20240326;101137;294.47;420;9944482128;B
20240326;101137;294.47;750;9944482129;B
20240326;101137;294.47;500;9944482130;B
20240326;101137;294.47;400;9944482131;B
20240326;101137;294.48;10;9944482132;B
20240326;101137;294.48;420;9944482133;B
20240326;101137;294.48;750;9944482134;B
20240326;101137;294.49;420;9944482135;B
20240326;101137;294.49;750;9944482136;B
20240326;101137;294.49;780;9944482137;B
20240326;101137;294.43;10;9944482148;S
20240326;101137;294.48;150;9944482158;B
20240326;101139;294.43;250;9944482525;S
20240326;101139;294.48;10;9944482539;B
20240326;101146;294.48;190;9944483434;B
20240326;101150;294.45;10;9944484088;S
20240326;101150;294.44;90;9944484089;S
20240326;101152;294.48;20;9944484259;B
20240326;101153;294.48;300;9944484516;B
20240326;101159;294.47;10;9944485336;B
20240326;101205;294.43;20;9944486411;S
20240326;101205;294.43;10;9944486509;S
20240326;101207;294.43;500;9944486741;S
20240326;101207;294.43;350;9944486830;S
20240326;101207;294.43;10;9944486831;S
20240326;101207;294.43;1030;9944486832;S
20240326;101209;294.43;10;9944487071;B
20240326;101216;294.43;10;9944488396;B
20240326;101218;294.43;10;9944488823;B
20240326;101219;294.43;20;9944489072;B
20240326;101219;294.43;60;9944489073;B
20240326;101221;294.43;20;9944489774;B
20240326;101222;294.43;200;9944490305;B
20240326;101224;294.43;10;9944490864;B
20240326;101224;294.42;110;9944491111;S
20240326;101229;294.43;500;9944491787;B
20240326;101229;294.43;230;9944491790;B
20240326;101229;294.43;3000;9944491791;B
20240326;101229;294.43;980;9944491792;B
20240326;101229;294.43;2910;9944491793;B
20240326;101229;294.45;130;9944491831;S
20240326;101229;294.45;220;9944491855;S
20240326;101229;294.45;500;9944491856;S
20240326;101229;294.45;280;9944491857;S
20240326;101231;294.45;550;9944492132;S
20240326;101231;294.45;500;9944492134;S
20240326;101231;294.45;80;9944492135;S
20240326;101231;294.46;50;9944492253;B
20240326;101233;294.45;50;9944492546;S
20240326;101234;294.46;10;9944492664;B
20240326;101235;294.46;20;9944492893;B
20240326;101236;294.45;10;9944493097;S
20240326;101237;294.46;260;9944493193;B
20240326;101245;294.45;10;9944494643;S
20240326;101248;294.46;40;9944495059;B
20240326;101251;294.46;10;9944495656;B
20240326;101257;294.45;430;9944496497;S
20240326;101257;294.45;70;9944496498;S
20240326;101258;294.45;50;9944496629;S
20240326;101302;294.46;10;9944497312;B
20240326;101304;294.46;10;9944497816;B
20240326;101307;294.45;50;9944498706;S
20240326;101307;294.46;40;9944498707;B
20240326;101308;294.46;10;9944498854;B
20240326;101309;294.45;330;9944499034;S
20240326;101309;294.45;670;9944499035;S
20240326;101310;294.46;540;9944499148;B
20240326;101310;294.46;10;9944499149;B
20240326;101310;294.46;300;9944499150;B
20240326;101311;294.46;40;9944499422;B
20240326;101311;294.46;140;9944499423;B
20240326;101311;294.46;50;9944499424;B
20240326;101312;294.45;920;9944499558;S
20240326;101312;294.45;1030;9944499559;S
20240326;101312;294.45;10;9944499560;S
20240326;101312;294.45;2000;9944499561;S
20240326;101312;294.45;100;9944499562;S
20240326;101312;294.45;200;9944499563;S
20240326;101312;294.45;350;9944499564;S
20240326;101312;294.45;350;9944499565;S
20240326;101312;294.44;500;9944499566;S
20240326;101312;294.44;400;9944499567;S
20240326;101312;294.43;4140;9944499568;S
20240326;101316;294.45;10;9944500140;B
20240326;101317;294.45;40;9944500254;B
20240326;101319;294.45;10;9944501122;B
20240326;101319;294.45;200;9944501156;B
20240326;101320;294.44;50;9944501339;S
20240326;101320;294.45;10;9944501383;B
20240326;101320;294.45;10;9944501384;B
20240326;101320;294.45;130;9944501385;B
20240326;101320;294.45;570;9944501386;B
20240326;101320;294.46;910;9944501387;B
20240326;101321;294.46;10;9944501407;B
20240326;101322;294.45;10;9944501605;B
20240326;101322;294.45;40;9944501624;S
20240326;101322;294.45;150;9944501649;S
20240326;101322;294.45;400;9944501650;S
20240326;101322;294.45;450;9944501651;S
20240326;101323;294.45;50;9944501752;S
20240326;101323;294.45;400;9944501753;S
20240326;101323;294.44;50;9944501754;S
20240326;101324;294.46;70;9944501832;B
20240326;101324;294.46;10;9944501833;B
20240326;101324;294.46;20;9944501834;B
20240326;101324;294.48;150;9944501835;B
20240326;101324;294.49;180;9944501836;B
20240326;101324;294.44;930;9944501844;S
20240326;101324;294.44;350;9944501845;S
20240326;101324;294.44;40;9944501846;S
20240326;101324;294.44;480;9944501847;S
20240326;101327;294.44;20;9944502384;S
20240326;101327;294.44;10;9944502385;S
20240326;101328;294.44;10;9944502509;S
20240326;101331;294.44;560;9944503107;S
20240326;101331;294.44;40;9944503113;S
20240326;101331;294.43;540;9944503114;S
20240326;101332;294.44;10;9944503219;B
20240326;101333;294.44;200;9944503497;B
20240326;101336;294.44;2290;9944503826;B
20240326;101336;294.44;2790;9944503827;B
20240326;101336;294.44;350;9944503864;S
20240326;101337;294.44;200;9944504156;S
20240326;101338;294.44;100;9944504210;S
20240326;101338;294.45;10;9944504257;B
20240326;101338;294.45;990;9944504258;B
20240326;101342;294.45;10;9944504783;B
20240326;101349;294.44;1000;9944505943;S
20240326;101352;294.45;100;9944506384;B
20240326;101353;294.45;20;9944506538;B
20240326;101354;294.44;350;9944506723;S
20240326;101355;294.45;10;9944506763;B
20240326;101357;294.45;100;9944507215;B
20240326;101358;294.44;10;9944507334;S
20240326;101400;294.44;500;9944507729;S
20240326;101401;294.44;1080;9944507981;S
20240326;101401;294.44;280;9944508030;S
20240326;101415;294.44;400;9944510403;S
20240326;101415;294.45;10;9944510416;B
20240326;101415;294.45;70;9944510423;B
20240326;101416;294.45;10;9944510568;B
20240326;101417;294.45;10;9944510669;B
20240326;101418;294.45;20;9944510694;B
20240326;101420;294.45;80;9944510881;B
20240326;101421;294.45;140;9944511047;B
20240326;101421;294.45;860;9944511048;B
20240326;101421;294.45;100;9944511073;B
20240326;101423;294.45;40;9944511334;B
20240326;101425;294.45;10;9944511578;B
20240326;101426;294.45;50;9944511752;B
20240326;101428;294.44;50;9944511934;S
20240326;101431;294.44;500;9944512348;S
20240326;101431;294.44;100;9944512425;S
20240326;101431;294.44;50;9944512426;S
20240326;101431;294.44;40;9944512427;S
20240326;101431;294.44;10;9944512428;S
20240326;101431;294.44;360;9944512429;S
20240326;101431;294.44;580;9944512430;S
20240326;101432;294.45;300;9944512529;B
20240326;101432;294.45;30;9944512539;B
20240326;101436;294.45;50;9944513084;B
20240326;101438;294.45;340;9944513439;B
20240326;101440;294.44;400;9944513642;S
20240326;101442;294.45;230;9944514010;B
20240326;101443;294.45;50;9944514096;B
20240326;101446;294.45;130;9944514486;B
20240326;101446;294.45;10;9944514487;B
20240326;101446;294.45;90;9944514488;B
20240326;101447;294.44;10;9944514598;S
20240326;101452;294.45;10;9944515294;B
20240326;101452;294.45;40;9944515295;B
20240326;101452;294.45;50;9944515296;B
20240326;101452;294.47;910;9944515297;B
20240326;101458;294.47;1700;9944516295;S
20240326;101500;294.48;350;9944516674;B
20240326;101500;294.48;400;9944516675;B
20240326;101500;294.47;1000;9944516677;S
20240326;101500;294.47;6290;9944516678;S
20240326;101500;294.47;1030;9944516679;S
20240326;101500;294.47;1040;9944516680;S
20240326;101500;294.47;350;9944516681;S
20240326;101500;294.46;40;9944516682;S
20240326;101500;294.44;1850;9944516683;S
20240326;101500;294.44;130;9944516735;S
20240326;101500;294.44;10;9944516736;S
20240326;101500;294.44;1030;9944516778;S
20240326;101504;294.44;170;9944517394;S
20240326;101506;294.44;5000;9944517717;S
20240326;101506;294.44;20;9944517803;S
20240326;101506;294.44;100;9944517882;S
20240326;101507;294.45;10;9944518022;B
20240326;101507;294.44;350;9944518091;S
20240326;101508;294.44;100;9944518100;S
20240326;101508;294.44;500;9944518101;S
20240326;101508;294.44;500;9944518190;S
20240326;101510;294.44;200;9944518500;S
20240326;101512;294.44;10;9944519161;S
20240326;101512;294.45;40;9944519229;B
20240326;101513;294.44;2000;9944519389;S
20240326;101513;294.44;1800;9944519390;S
20240326;101513;294.44;500;9944519391;S
20240326;101513;294.44;1000;9944519392;S
20240326;101513;294.44;200;9944519393;S
20240326;101513;294.44;500;9944519394;S
20240326;101513;294.44;100;9944519395;S
20240326;101513;294.44;100;9944519396;S
20240326;101513;294.44;2000;9944519397;S
20240326;101513;294.44;1000;9944519398;S
20240326;101513;294.44;200;9944519399;S
20240326;101513;294.44;2000;9944519400;S
20240326;101513;294.44;5220;9944519401;S
20240326;101513;294.44;20;9944519402;S
20240326;101513;294.44;10;9944519403;S
20240326;101513;294.44;10;9944519404;S
20240326;101513;294.44;100;9944519405;S
20240326;101513;294.44;50;9944519406;S
20240326;101513;294.43;5200;9944519407;S
20240326;101513;294.43;20;9944519408;S
20240326;101513;294.43;1000;9944519409;S
20240326;101513;294.43;50;9944519410;S
20240326;101513;294.43;2640;9944519411;S
20240326;101514;294.42;100;9944519618;S
20240326;101514;294.42;290;9944519661;S
20240326;101514;294.42;10;9944519662;S
20240326;101514;294.4;200;9944519663;S
20240326;101514;294.4;800;9944519664;S
20240326;101514;294.4;10;9944519665;S
20240326;101514;294.4;1190;9944519666;S
20240326;101514;294.4;490;9944519667;S
20240326;101514;294.4;1510;9944519668;S
20240326;101514;294.4;1490;9944519674;S
20240326;101514;294.4;20;9944519675;S
20240326;101514;294.4;10;9944519676;S
20240326;101514;294.4;220;9944519677;S
20240326;101514;294.4;10;9944519678;S
20240326;101514;294.4;250;9944519679;S
20240326;101514;294.4;30;9944519680;S
20240326;101514;294.4;1750;9944519681;S
20240326;101514;294.4;10;9944519682;S
20240326;101515;294.39;30;9944519847;S
20240326;101516;294.38;30;9944520175;S
20240326;101516;294.37;320;9944520176;S
20240326;101516;294.37;120;9944520177;S
20240326;101517;294.36;10;9944520375;S
20240326;101518;294.35;320;9944520754;S
20240326;101518;294.35;10;9944520755;S
20240326;101518;294.34;10;9944520785;S
20240326;101518;294.34;10;9944520786;S
20240326;101518;294.32;10;9944520787;S
20240326;101518;294.32;140;9944520789;S
20240326;101518;294.3;10;9944520792;S
20240326;101518;294.3;90;9944520795;S
20240326;101518;294.3;10;9944520796;S
20240326;101518;294.3;10;9944520797;S
20240326;101518;294.3;60;9944520798;S
20240326;101518;294.3;40;9944520799;S
20240326;101518;294.3;10;9944520800;S
20240326;101518;294.3;10;9944520801;S
20240326;101518;294.3;340;9944520802;S
20240326;101518;294.3;770;9944520803;S
20240326;101518;294.3;10;9944520804;S
20240326;101518;294.3;10;9944520805;S
20240326;101518;294.3;10;9944520806;S
20240326;101519;294.29;50;9944521076;S
20240326;101519;294.29;10;9944521077;S
20240326;101519;294.29;800;9944521078;S
20240326;101519;294.29;1600;9944521081;S
20240326;101519;294.29;400;9944521082;S
20240326;101519;294.29;2000;9944521083;S
20240326;101519;294.29;2000;9944521084;S
20240326;101519;294.29;2000;9944521085;S
20240326;101519;294.29;2000;9944521086;S
20240326;101519;294.29;2000;9944521087;S
20240326;101524;294.3;500;9944522391;B
20240326;101524;294.3;1000;9944522392;B
20240326;101524;294.3;1000;9944522393;B
20240326;101524;294.3;750;9944522394;B
20240326;101527;294.3;10;9944522869;B
20240326;101530;294.29;20;9944523780;S
20240326;101531;294.3;20;9944523844;B
20240326;101531;294.29;550;9944523973;S
20240326;101531;294.29;580;9944523975;S
20240326;101532;294.29;350;9944524060;S
20240326;101532;294.3;10;9944524138;B
20240326;101533;294.3;10;9944524313;B
20240326;101538;294.3;100;9944525169;B
20240326;101541;294.3;20;9944525761;B
20240326;101541;294.3;80;9944525881;B
20240326;101541;294.3;840;9944525882;B
20240326;101542;294.3;160;9944526033;B
20240326;101542;294.3;100;9944526034;B
20240326;101542;294.3;900;9944526035;B
20240326;101542;294.3;10;9944526036;B
20240326;101542;294.3;50;9944526037;B
20240326;101542;294.31;10;9944526038;B
20240326;101542;294.31;350;9944526039;B
20240326;101542;294.32;500;9944526040;B
20240326;101542;294.32;910;9944526041;B
20240326;101542;294.32;500;9944526042;B
20240326;101542;294.33;500;9944526043;B
20240326;101542;294.33;420;9944526044;B
20240326;101542;294.34;420;9944526045;B
20240326;101542;294.34;500;9944526046;B
20240326;101542;294.34;400;9944526047;B
20240326;101542;294.35;420;9944526048;B
20240326;101542;294.35;500;9944526049;B
20240326;101542;294.35;750;9944526050;B
20240326;101542;294.36;420;9944526051;B
20240326;101542;294.36;500;9944526052;B
20240326;101542;294.36;750;9944526053;B
20240326;101542;294.37;420;9944526054;B
20240326;101542;294.37;500;9944526055;B
20240326;101542;294.37;750;9944526056;B
20240326;101542;294.38;420;9944526057;B
20240326;101542;294.38;500;9944526058;B
20240326;101542;294.38;750;9944526059;B
20240326;101542;294.39;420;9944526060;B
20240326;101542;294.39;750;9944526061;B
20240326;101542;294.4;420;9944526062;B
20240326;101542;294.4;500;9944526063;B
20240326;101542;294.4;300;9944526064;B
20240326;101542;294.4;750;9944526065;B
20240326;101542;294.4;800;9944526066;B
20240326;101542;294.4;3650;9944526067;B
20240326;101543;294.36;500;9944526444;B
20240326;101543;294.36;500;9944526445;B
20240326;101546;294.34;50;9944526871;S
20240326;101546;294.35;10;9944526969;B
20240326;101549;294.35;100;9944527604;B
20240326;101549;294.35;50;9944527623;B
20240326;101549;294.34;120;9944527629;S
20240326;101549;294.34;500;9944527630;S
20240326;101549;294.34;400;9944527631;S
20240326;101549;294.33;920;9944527632;S
20240326;101549;294.33;60;9944527633;S
20240326;101550;294.35;20;9944527758;B
20240326;101600;294.35;10;9944529800;B
20240326;101600;294.35;10;9944529808;B
20240326;101602;294.35;100;9944530024;B
20240326;101602;294.34;200;9944530220;S
20240326;101603;294.34;200;9944530264;S
20240326;101603;294.34;70;9944530330;S
20240326;101605;294.34;60;9944530598;S
20240326;101606;294.35;40;9944530914;B
20240326;101607;294.35;180;9944531078;B
20240326;101607;294.35;160;9944531079;B
20240326;101607;294.35;10;9944531080;B
20240326;101607;294.35;250;9944531081;B
20240326;101610;294.34;10;9944531463;S
20240326;101610;294.3;2990;9944531464;S
20240326;101610;294.31;50;9944531513;S
20240326;101610;294.32;70;9944531588;B
20240326;101611;294.32;330;9944531738;B
20240326;101611;294.32;310;9944531739;B
20240326;101612;294.31;330;9944531926;S
20240326;101612;294.31;200;9944531927;B
20240326;101613;294.32;2000;9944532070;B
20240326;101613;294.32;50;9944532071;B
20240326;101613;294.32;70;9944532079;B
20240326;101619;294.31;10;9944533171;S
20240326;101620;294.31;30;9944533400;S
20240326;101620;294.32;100;9944533440;B
20240326;101624;294.31;30;9944534306;S
20240326;101624;294.31;10;9944534307;B
20240326;101628;294.31;10;9944535038;S
20240326;101629;294.31;60;9944535096;B
20240326;101629;294.3;10;9944535203;S
20240326;101629;294.3;10;9944535204;S
20240326;101629;294.31;40;9944535224;B
20240326;101630;294.3;10;9944535394;S
20240326;101631;294.3;130;9944535617;S
20240326;101631;294.3;450;9944535618;S
20240326;101631;294.3;540;9944535619;S
20240326;101631;294.3;20;9944535620;S
20240326;101638;294.3;580;9944536720;S
20240326;101638;294.3;500;9944536721;S
20240326;101638;294.3;60;9944536722;S
20240326;101638;294.3;240;9944536723;S
20240326;101638;294.29;15700;9944536724;S
20240326;101638;294.29;20;9944536725;S
20240326;101639;294.27;10;9944536998;B
20240326;101643;294.27;10;9944537549;B
20240326;101644;294.27;100;9944537828;B
20240326;101645;294.27;30;9944537999;B
20240326;101650;294.27;10;9944538964;B
20240326;101652;294.26;10;9944539308;S
20240326;101653;294.27;50;9944539525;B
20240326;101654;294.26;2490;9944539674;S
20240326;101654;294.25;1530;9944539675;S
20240326;101654;294.25;20;9944539676;S
20240326;101654;294.24;80;9944539677;S
20240326;101654;294.24;10;9944539678;S
20240326;101654;294.24;420;9944539679;S
20240326;101654;294.23;40;9944539680;S
20240326;101654;294.23;750;9944539681;S
20240326;101654;294.23;10;9944539682;S
20240326;101654;294.23;420;9944539683;S
20240326;101654;294.23;10;9944539684;S
20240326;101654;294.22;750;9944539685;S
20240326;101654;294.22;50;9944539686;S
20240326;101654;294.22;260;9944539687;S
20240326;101654;294.22;420;9944539688;S
20240326;101654;294.21;100;9944539689;S
20240326;101654;294.21;750;9944539690;S
20240326;101654;294.21;420;9944539691;S
20240326;101654;294.21;200;9944539692;S
20240326;101654;294.2;8000;9944539693;S
20240326;101654;294.2;10;9944539694;S
20240326;101654;294.2;50;9944539695;S
20240326;101654;294.2;750;9944539696;S
20240326;101654;294.2;10;9944539697;S
20240326;101654;294.2;100;9944539698;S
20240326;101654;294.2;420;9944539699;S
20240326;101654;294.2;10;9944539700;S
20240326;101654;294.19;150;9944539701;S
20240326;101654;294.19;500;9944539702;S
20240326;101654;294.19;10;9944539703;S
20240326;101654;294.19;750;9944539704;S
20240326;101654;294.19;420;9944539705;S
20240326;101654;294.19;910;9944539706;S
20240326;101654;294.19;400;9944539707;S
20240326;101654;294.18;750;9944539708;S
20240326;101654;294.18;250;9944539709;S
20240326;101654;294.18;420;9944539710;S
20240326;101654;294.17;1690;9944539711;S
20240326;101654;294.17;750;9944539712;S
20240326;101654;294.17;8000;9944539713;S
20240326;101654;294.17;6000;9944539714;S
20240326;101654;294.17;420;9944539715;S
20240326;101654;294.16;750;9944539716;S
20240326;101654;294.16;2000;9944539717;S
20240326;101654;294.16;800;9944539718;S
20240326;101654;294.16;420;9944539719;S
20240326;101654;294.16;8000;9944539720;S
20240326;101654;294.16;500;9944539721;S
20240326;101654;294.15;40;9944539722;S
20240326;101654;294.15;500;9944539723;S
20240326;101654;294.15;750;9944539724;S
20240326;101654;294.15;2000;9944539725;S
20240326;101654;294.15;420;9944539726;S
20240326;101654;294.14;50;9944539727;S
20240326;101654;294.14;1690;9944539728;S
20240326;101654;294.14;750;9944539729;S
20240326;101654;294.14;2000;9944539730;S
20240326;101654;294.14;800;9944539731;S
