<DATE>;<TIME>;<LAST>;<VOL>;<ID>;<OPER>
20240430;095937;309.19;10;10239314639;S
20240430;095937;309.19;10;10239314640;S
20240430;095937;309.19;10;10239314641;S
20240430;095937;309.19;30;10239314642;S
20240430;095937;309.19;330;10239314643;S
20240430;095937;309.19;70;10239314644;S
20240430;095937;309.19;10;10239314645;S
20240430;095937;309.19;10;10239314646;B
20240430;095937;309.19;1430;10239314647;S
20240430;095937;309.19;20;10239314648;S
20240430;095937;309.19;40;10239314649;B
20240430;095937;309.19;10;10239314650;B
20240430;095937;309.19;20;10239314651;B
20240430;095937;309.19;20;10239314652;B
20240430;095937;309.19;30;10239314653;B
20240430;095937;309.19;30;10239314654;B
20240430;095937;309.19;150;10239314655;B
20240430;095937;309.19;10;10239314656;B
20240430;095937;309.19;20;10239314657;B
20240430;095937;309.19;10;10239314658;B
20240430;095937;309.19;10;10239314659;B
20240430;095937;309.19;10;10239314660;S
20240430;095937;309.19;10;10239314661;B
20240430;095937;309.19;10;10239314662;B
20240430;095937;309.19;10;10239314663;B
20240430;095937;309.19;10;10239314664;B
20240430;095937;309.19;60;10239314665;B
20240430;095937;309.19;50;10239314666;S
20240430;095937;309.19;20;10239314667;S
20240430;095937;309.19;20;10239314668;B
20240430;095937;309.19;10;10239314669;B
20240430;095937;309.19;80;10239314670;B
20240430;095937;309.19;20;10239314671;B
20240430;095937;309.19;30;10239314672;B
20240430;095937;309.19;10;10239314673;B
20240430;095937;309.19;10;10239314674;B
20240430;095937;309.19;1670;10239314675;B
20240430;095937;309.19;430;10239314676;B
20240430;095937;309.19;60;10239314677;B
20240430;095937;309.19;20;10239314678;S
20240430;095937;309.19;230;10239314679;B
20240430;095937;309.19;40;10239314680;B
20240430;095937;309.19;40;10239314681;S
20240430;095937;309.19;20;10239314682;S
20240430;095937;309.19;20;10239314683;B
20240430;095937;309.19;100;10239314684;S
20240430;095937;309.19;500;10239314685;B
20240430;095937;309.19;1000;10239314686;B
20240430;095937;309.19;500;10239314687;B
20240430;095937;309.19;10;10239314688;B
20240430;095937;309.19;500;10239314689;B
20240430;095937;309.19;10;10239314690;B
20240430;095937;309.19;10;10239314691;B
20240430;095937;309.19;20;10239314692;S
20240430;095937;309.19;2140;10239314693;B
20240430;095937;309.19;10;10239314694;B
20240430;095937;309.19;10;10239314695;B
20240430;095937;309.19;340;10239314696;B
20240430;095937;309.19;160;10239314697;B
20240430;095937;309.19;10;10239314698;B
20240430;095937;309.19;10;10239314699;B
20240430;095937;309.19;10;10239314700;B
20240430;095937;309.19;30;10239314701;B
20240430;095937;309.19;10;10239314702;B
20240430;095937;309.19;10;10239314703;B
20240430;095937;309.19;10;10239314704;B
20240430;095937;309.19;750;10239314705;B
20240430;095937;309.19;50;10239314706;S
20240430;095937;309.19;10;10239314707;B
20240430;095937;309.19;10;10239314708;B
20240430;095937;309.19;10;10239314709;S
20240430;100000;309.19;10;10239318920;B
20240430;100000;309.19;410;10239319117;B
20240430;100000;309.19;100;10239319118;B
20240430;100000;309.19;100;10239319119;B
20240430;100000;309.19;30;10239319120;B
20240430;100000;309.2;40;10239319121;B
20240430;100000;309.22;400;10239319122;B
20240430;100000;309.23;1140;10239319123;B
20240430;100000;309.22;330;10239319455;B
20240430;100000;309.22;70;10239319456;B
20240430;100000;309.13;440;10239319462;S
20240430;100000;309.13;400;10239319463;S
20240430;100000;309.12;80;10239319464;S
20240430;100000;309.12;90;10239319465;S
20240430;100000;309.12;10;10239319466;S
20240430;100000;309.12;380;10239319467;S
20240430;100000;309.21;30;10239319494;B
20240430;100001;309.22;10;10239319620;B
20240430;100001;309.22;250;10239319657;B
20240430;100001;309.21;100;10239319714;S
20240430;100001;309.22;140;10239319793;B
20240430;100001;309.22;60;10239319794;B
20240430;100001;309.21;10;10239319853;S
20240430;100001;309.22;500;10239320067;B
20240430;100002;309.22;120;10239320212;B
20240430;100002;309.22;10;10239320235;B
20240430;100002;309.21;10;10239320308;S
20240430;100002;309.22;10;10239320458;B
20240430;100002;309.21;100;10239320509;S
20240430;100002;309.22;70;10239320544;B
20240430;100002;309.21;220;10239320698;S
20240430;100002;309.21;10;10239320699;S
20240430;100002;309.2;20;10239320700;S
20240430;100002;309.2;440;10239320701;S
20240430;100002;309.19;440;10239320702;S
20240430;100002;309.18;440;10239320703;S
20240430;100002;309.17;440;10239320704;S
20240430;100002;309.17;400;10239320705;S
20240430;100002;309.16;440;10239320706;S
20240430;100002;309.16;270;10239320707;S
20240430;100002;309.15;440;10239320708;S
20240430;100002;309.14;440;10239320709;S
20240430;100002;309.13;440;10239320710;S
20240430;100002;309.12;60;10239320711;S
20240430;100002;309.12;10;10239320712;S
20240430;100002;309.12;10;10239320713;S
20240430;100002;309.11;1480;10239320714;S
20240430;100003;309.11;250;10239321097;S
20240430;100003;309.11;170;10239321256;S
20240430;100003;309.11;80;10239321257;S
20240430;100003;309.16;510;10239321331;B
20240430;100003;309.16;870;10239321332;B
20240430;100003;309.16;400;10239321333;B
20240430;100003;309.19;330;10239321334;B
20240430;100003;309.2;2000;10239321335;B
20240430;100003;309.22;350;10239321336;B
20240430;100003;309.22;60;10239321337;B
20240430;100003;309.23;2860;10239321338;B
20240430;100003;309.23;500;10239321339;B
20240430;100003;309.23;20;10239321340;B
20240430;100003;309.24;1000;10239321341;B
20240430;100003;309.24;200;10239321342;B
20240430;100003;309.25;1000;10239321343;B
20240430;100003;309.25;20;10239321344;B
20240430;100003;309.26;2000;10239321345;B
20240430;100003;309.3;10;10239321346;B
20240430;100003;309.3;60;10239321347;B
20240430;100003;309.3;30;10239321348;B
20240430;100003;309.3;270;10239321349;B
20240430;100003;309.32;40;10239321350;B
20240430;100003;309.33;500;10239321351;B
20240430;100003;309.35;200;10239321352;B
20240430;100003;309.37;770;10239321353;B
20240430;100003;309.11;250;10239321358;S
20240430;100004;309.11;110;10239321472;S
20240430;100004;309.11;400;10239321473;S
20240430;100004;309.11;4490;10239321474;S
20240430;100004;309.11;250;10239321495;S
20240430;100004;309.1;250;10239321595;S
20240430;100004;309.15;10;10239321641;B
20240430;100004;309.1;190;10239321677;S
20240430;100004;309.09;60;10239321678;S
20240430;100004;309.17;200;10239321722;B
20240430;100004;309.17;10;10239321732;B
20240430;100004;309.17;190;10239321734;B
20240430;100004;309.18;330;10239321735;B
20240430;100004;309.19;510;10239321736;B
20240430;100004;309.19;370;10239321737;B
20240430;100004;309.1;10;10239321738;S
20240430;100004;309.09;120;10239321827;S
20240430;100005;309.18;400;10239322089;S
20240430;100005;309.13;10;10239322384;S
20240430;100005;309.13;10;10239322387;S
20240430;100005;309.17;10;10239322389;B
20240430;100005;309.17;10;10239322394;B
20240430;100005;309.18;10;10239322518;B
20240430;100005;309.09;10;10239322591;S
20240430;100005;309.18;10;10239322593;B
20240430;100005;309.14;10;10239322702;S
20240430;100005;309.18;380;10239322767;B
20240430;100005;309.19;320;10239322768;B
20240430;100005;309.19;30;10239322840;B
20240430;100005;309.19;90;10239322869;B
20240430;100005;309.19;10;10239322870;B
20240430;100005;309.14;100;10239322871;S
20240430;100005;309.2;10;10239322872;B
20240430;100005;309.2;10;10239322873;B
20240430;100005;309.19;10;10239322874;B
20240430;100005;309.19;10;10239322923;B
20240430;100005;309.14;10;10239322942;S
20240430;100006;309.2;10;10239323189;B
20240430;100006;309.2;350;10239323191;B
20240430;100006;309.16;10;10239324045;B
20240430;100006;309.16;10;10239324046;B
20240430;100006;309.16;10;10239324051;B
20240430;100006;309.16;10;10239324197;B
20240430;100006;309.16;100;10239324272;B
20240430;100006;309.16;10;10239324275;B
20240430;100006;309.16;10;10239324371;B
20240430;100006;309.15;20;10239324374;S
20240430;100006;309.16;10;10239324443;B
20240430;100006;309.16;10;10239324492;B
20240430;100006;309.15;10;10239324631;S
20240430;100006;309.15;10;10239324673;S
20240430;100006;309.16;10;10239324674;B
20240430;100007;309.15;10;10239324844;S
20240430;100007;309.15;350;10239325087;S
20240430;100007;309.15;440;10239325088;S
20240430;100007;309.15;510;10239325089;S
20240430;100007;309.15;50;10239325090;S
20240430;100007;309.16;10;10239325197;B
20240430;100007;309.16;10;10239325199;B
20240430;100007;309.15;20;10239325202;S
20240430;100007;309.16;20;10239325212;B
20240430;100007;309.15;180;10239325215;S
20240430;100007;309.15;70;10239325216;S
20240430;100007;309.06;150;10239325647;S
20240430;100007;309.08;10;10239325650;B
20240430;100007;309.06;20;10239325655;S
20240430;100007;309.06;100;10239325675;S
20240430;100007;309.08;30;10239325678;B
20240430;100007;309.06;10;10239325718;S
20240430;100007;309.06;10;10239325721;S
20240430;100007;309.08;20;10239325759;B
20240430;100007;309.06;10;10239325940;S
20240430;100007;309.08;10;10239325942;B
20240430;100007;309.08;10;10239325950;B
20240430;100007;309.08;50;10239325953;B
20240430;100008;309.06;10;10239326041;S
20240430;100008;309.08;10;10239326186;B
20240430;100008;309.08;10;10239326187;B
20240430;100008;309.08;10;10239326189;B
20240430;100008;309.08;10;10239326272;B
20240430;100008;309.07;10;10239326451;S
20240430;100008;309.08;100;10239326452;B
20240430;100008;309.08;70;10239326453;B
20240430;100009;309.07;40;10239326521;S
20240430;100010;309.07;130;10239326703;S
20240430;100010;309.07;200;10239326714;S
20240430;100010;309.07;70;10239326779;S
20240430;100010;309.07;430;10239326780;S
20240430;100010;309.08;30;10239326861;B
20240430;100010;309.08;480;10239326927;B
20240430;100010;309.08;10;10239326931;B
20240430;100010;309.08;30;10239326970;B
20240430;100010;309.1;10;10239326971;B
20240430;100010;309.1;10;10239326972;B
20240430;100010;309.1;10;10239326973;B
20240430;100011;309.12;20;10239327076;B
20240430;100011;309.2;50;10239327091;B
20240430;100011;309.2;60;10239327092;B
20240430;100011;309.2;100;10239327205;S
20240430;100012;309.21;10;10239327493;B
20240430;100014;309.21;10;10239327963;B
20240430;100015;309.21;140;10239328071;B
20240430;100015;309.21;10;10239328147;S
20240430;100016;309.22;10;10239328372;B
20240430;100016;309.21;80;10239328447;S
20240430;100017;309.21;770;10239328604;S
20240430;100017;309.21;500;10239328605;S
20240430;100017;309.21;400;10239328606;S
20240430;100017;309.21;440;10239328607;S
20240430;100017;309.21;100;10239328608;S
20240430;100017;309.21;10;10239328645;B
20240430;100018;309.2;10;10239328693;S
20240430;100018;309.21;10;10239328852;B
20240430;100019;309.2;10;10239329160;S
20240430;100019;309.21;160;10239329274;B
20240430;100020;309.21;200;10239329412;B
20240430;100020;309.21;10;10239329460;B
20240430;100021;309.2;50;10239329764;S
20240430;100021;309.2;10;10239329914;S
20240430;100022;309.21;100;10239329971;B
20240430;100022;309.2;110;10239329983;S
20240430;100022;309.2;110;10239329984;S
20240430;100022;309.21;20;10239330115;B
20240430;100024;309.21;3000;10239330394;B
20240430;100024;309.21;100;10239330431;B
20240430;100025;309.21;180;10239330673;B
20240430;100025;309.21;140;10239330674;B
20240430;100025;309.22;40;10239330675;B
20240430;100025;309.22;20;10239330676;B
20240430;100025;309.23;100;10239330677;B
20240430;100025;309.25;20;10239330678;B
20240430;100026;309.21;440;10239330897;S
20240430;100026;309.22;400;10239330959;B
20240430;100026;309.22;100;10239330960;B
20240430;100027;309.22;60;10239331182;B
20240430;100027;309.24;500;10239331266;B
20240430;100028;309.24;10;10239331416;B
20240430;100028;309.22;10;10239331603;S
20240430;100029;309.22;10;10239331721;S
20240430;100029;309.23;100;10239331745;B
20240430;100029;309.22;30;10239331843;S
20240430;100029;309.22;10;10239331864;S
20240430;100031;309.22;380;10239332288;S
20240430;100031;309.22;400;10239332289;S
20240430;100031;309.21;220;10239332290;S
20240430;100032;309.23;40;10239332605;S
20240430;100032;309.23;30;10239332751;S
20240430;100034;309.24;600;10239333221;B
20240430;100034;309.24;270;10239333234;B
20240430;100034;309.24;330;10239333235;B
20240430;100036;309.24;10;10239333654;B
20240430;100036;309.24;190;10239333690;B
20240430;100036;309.24;1810;10239333691;B
20240430;100036;309.24;10;10239333799;B
20240430;100037;309.23;20;10239333896;S
20240430;100038;309.24;300;10239334002;B
20240430;100038;309.24;200;10239334003;B
20240430;100038;309.24;200;10239334004;B
20240430;100038;309.24;200;10239334005;B
20240430;100038;309.24;100;10239334013;B
20240430;100038;309.24;100;10239334014;B
20240430;100038;309.24;200;10239334025;B
20240430;100038;309.24;100;10239334026;B
20240430;100038;309.24;100;10239334027;B
20240430;100038;309.24;30;10239334038;B
20240430;100038;309.24;70;10239334039;B
20240430;100038;309.24;100;10239334041;B
20240430;100038;309.24;10;10239334042;B
20240430;100038;309.25;10;10239334054;B
20240430;100038;309.25;30;10239334055;B
20240430;100038;309.25;10;10239334056;B
20240430;100038;309.28;80;10239334057;B
20240430;100038;309.27;10;10239334167;S
20240430;100039;309.28;30;10239334258;B
20240430;100040;309.27;10;10239334457;S
20240430;100040;309.27;960;10239334646;S
20240430;100040;309.27;400;10239334647;S
20240430;100040;309.27;440;10239334648;S
20240430;100040;309.27;100;10239334649;S
20240430;100040;309.27;100;10239334650;S
20240430;100040;309.27;100;10239334651;S
20240430;100040;309.27;100;10239334652;S
20240430;100040;309.27;100;10239334653;S
20240430;100040;309.27;200;10239334654;S
20240430;100040;309.26;440;10239334655;S
20240430;100040;309.25;50;10239334656;S
20240430;100040;309.25;230;10239334657;S
20240430;100041;309.26;10;10239334668;S
20240430;100041;309.28;60;10239334678;B
20240430;100041;309.28;100;10239334705;B
20240430;100041;309.28;100;10239334711;B
20240430;100041;309.28;100;10239334792;B
20240430;100041;309.28;100;10239334852;B
20240430;100041;309.28;60;10239334855;B
20240430;100042;309.28;10;10239334903;B
20240430;100042;309.28;40;10239334904;B
20240430;100042;309.26;10;10239334936;S
20240430;100042;309.28;100;10239334941;B
20240430;100042;309.28;50;10239334951;B
20240430;100042;309.29;100;10239334955;B
20240430;100042;309.28;50;10239334978;S
20240430;100043;309.28;20;10239335083;S
20240430;100043;309.28;420;10239335216;S
20240430;100043;309.28;400;10239335217;S
20240430;100043;309.28;100;10239335218;S
20240430;100043;309.28;100;10239335219;S
20240430;100043;309.28;100;10239335220;S
20240430;100043;309.28;100;10239335221;S
20240430;100043;309.27;10;10239335247;B
20240430;100044;309.27;100;10239335316;B
20240430;100044;309.27;200;10239335326;B
20240430;100044;309.28;200;10239335337;B
20240430;100044;309.28;300;10239335338;B
20240430;100044;309.28;500;10239335339;B
20240430;100044;309.28;200;10239335340;B
20240430;100044;309.28;200;10239335341;B
20240430;100044;309.28;100;10239335342;B
20240430;100044;309.28;100;10239335343;B
20240430;100044;309.28;100;10239335344;B
20240430;100044;309.28;100;10239335347;B
20240430;100044;309.28;200;10239335348;B
20240430;100044;309.28;200;10239335349;B
20240430;100044;309.28;200;10239335350;B
20240430;100044;309.28;100;10239335356;B
20240430;100044;309.28;100;10239335357;B
20240430;100044;309.28;200;10239335358;B
20240430;100044;309.28;200;10239335360;B
20240430;100044;309.28;200;10239335363;B
20240430;100044;309.28;200;10239335364;B
20240430;100044;309.28;100;10239335366;B
20240430;100044;309.28;100;10239335367;B
20240430;100044;309.28;100;10239335368;B
20240430;100044;309.28;200;10239335369;B
20240430;100044;309.28;100;10239335370;B
20240430;100044;309.28;100;10239335371;B
20240430;100044;309.28;100;10239335378;B
20240430;100044;309.28;200;10239335405;B
20240430;100044;309.28;100;10239335430;B
20240430;100044;309.27;10;10239335436;S
20240430;100045;309.28;100;10239335574;B
20240430;100046;309.27;190;10239335823;S
20240430;100046;309.27;440;10239335824;S
20240430;100046;309.27;400;10239335825;S
20240430;100046;309.26;350;10239335826;S
20240430;100046;309.28;100;10239335846;B
20240430;100046;309.28;30;10239335853;B
20240430;100046;309.28;100;10239335862;B
20240430;100046;309.26;90;10239335937;S
20240430;100046;309.26;120;10239335938;S
20240430;100047;309.28;100;10239335953;B
20240430;100047;309.28;100;10239335954;B
20240430;100047;309.28;100;10239335955;B
20240430;100047;309.28;100;10239335958;B
20240430;100047;309.26;10;10239335967;S
20240430;100047;309.28;100;10239335968;B
20240430;100047;309.28;100;10239335978;B
20240430;100047;309.28;200;10239335991;B
20240430;100047;309.28;100;10239336016;B
20240430;100047;309.28;50;10239336018;B
20240430;100047;309.28;10;10239336019;B
20240430;100047;309.29;500;10239336063;B
20240430;100047;309.28;40;10239336066;S
20240430;100047;309.28;100;10239336067;S
20240430;100047;309.28;440;10239336068;S
20240430;100047;309.28;400;10239336069;S
20240430;100047;309.28;20;10239336070;S
20240430;100048;309.29;100;10239336275;B
20240430;100048;309.29;500;10239336278;B
20240430;100048;309.29;300;10239336279;B
20240430;100048;309.29;200;10239336280;B
20240430;100048;309.29;100;10239336281;B
20240430;100048;309.29;100;10239336283;B
20240430;100048;309.29;400;10239336284;B
20240430;100048;309.29;100;10239336286;B
20240430;100048;309.29;100;10239336290;B
20240430;100048;309.29;200;10239336291;B
20240430;100048;309.29;100;10239336292;B
20240430;100048;309.29;200;10239336293;B
20240430;100048;309.29;100;10239336294;B
20240430;100048;309.29;100;10239336314;B
20240430;100049;309.29;100;10239336324;B
20240430;100049;309.29;100;10239336357;B
20240430;100049;309.28;10;10239336358;S
20240430;100049;309.28;10;10239336390;S
20240430;100049;309.29;270;10239336420;B
20240430;100050;309.29;10;10239336566;B
20240430;100050;309.29;100;10239336571;B
20240430;100050;309.29;100;10239336580;B
20240430;100050;309.29;100;10239336593;B
20240430;100050;309.29;100;10239336665;B
20240430;100050;309.29;100;10239336786;B
20240430;100051;309.29;100;10239336818;B
20240430;100051;309.29;200;10239336870;B
20240430;100051;309.29;100;10239336878;B
20240430;100051;309.29;100;10239336885;B
20240430;100051;309.29;100;10239336932;B
20240430;100051;309.28;60;10239336944;S
20240430;100051;309.28;40;10239336945;S
20240430;100051;309.29;190;10239336967;B
20240430;100051;309.29;100;10239336972;B
20240430;100051;309.29;100;10239336983;B
20240430;100052;309.29;100;10239337208;B
20240430;100052;309.29;100;10239337211;B
20240430;100052;309.29;100;10239337246;B
20240430;100052;309.29;100;10239337266;B
20240430;100052;309.29;990;10239337336;B
20240430;100053;309.28;30;10239337474;S
20240430;100053;309.29;100;10239337517;B
20240430;100053;309.29;100;10239337544;B
20240430;100054;309.29;100;10239337685;B
20240430;100054;309.29;100;10239337759;B
20240430;100054;309.29;100;10239337774;B
20240430;100054;309.29;100;10239337826;B
20240430;100055;309.29;380;10239337993;B
20240430;100055;309.29;10;10239338009;B
20240430;100055;309.29;100;10239338020;B
20240430;100055;309.29;100;10239338092;B
20240430;100055;309.29;100;10239338131;B
20240430;100056;309.29;100;10239338237;B
20240430;100056;309.29;100;10239338287;B
20240430;100056;309.29;1950;10239338295;B
20240430;100056;309.3;50;10239338296;B
20240430;100056;309.3;200;10239338298;B
20240430;100056;309.3;60;10239338299;B
20240430;100056;309.3;40;10239338300;B
20240430;100056;309.3;80;10239338301;B
20240430;100056;309.3;20;10239338302;B
20240430;100056;309.3;200;10239338303;B
20240430;100056;309.3;10;10239338337;B
20240430;100058;309.3;10;10239338739;B
20240430;100058;309.29;10;10239338751;S
20240430;100058;309.3;100;10239338759;B
20240430;100058;309.3;100;10239338771;B
20240430;100058;309.3;100;10239338774;B
20240430;100059;309.3;100;10239338820;B
20240430;100059;309.3;100;10239338849;B
20240430;100059;309.3;100;10239338853;B
20240430;100059;309.3;100;10239338862;B
20240430;100059;309.3;60;10239338865;B
20240430;100059;309.3;20;10239338866;B
20240430;100059;309.3;20;10239338874;S
20240430;100059;309.3;400;10239338875;S
20240430;100059;309.3;440;10239338876;S
20240430;100059;309.3;240;10239338877;S
20240430;100101;309.31;40;10239339237;B
20240430;100101;309.31;40;10239339238;B
20240430;100101;309.31;20;10239339239;B
20240430;100101;309.3;10;10239339267;S
20240430;100101;309.31;100;10239339271;B
20240430;100101;309.31;100;10239339274;B
20240430;100101;309.31;100;10239339281;B
20240430;100101;309.31;100;10239339321;B
20240430;100101;309.3;380;10239339332;S
20240430;100102;309.3;100;10239339367;S
20240430;100102;309.3;330;10239339368;S
20240430;100102;309.3;510;10239339369;S
20240430;100102;309.3;60;10239339370;S
20240430;100102;309.31;100;10239339380;B
20240430;100102;309.31;100;10239339461;B
20240430;100102;309.31;200;10239339462;B
20240430;100102;309.31;100;10239339463;B
20240430;100102;309.31;100;10239339464;B
20240430;100102;309.31;100;10239339465;B
20240430;100102;309.31;300;10239339466;B
20240430;100102;309.31;100;10239339467;B
20240430;100102;309.31;100;10239339468;B
20240430;100102;309.31;100;10239339473;B
20240430;100102;309.31;100;10239339475;B
20240430;100102;309.31;100;10239339476;B
20240430;100104;309.3;10;10239339769;S
20240430;100104;309.31;1080;10239339800;B
20240430;100104;309.31;2000;10239339801;B
20240430;100104;309.35;2000;10239339802;B
20240430;100104;309.36;2920;10239339803;B
20240430;100104;309.37;100;10239339804;B
20240430;100104;309.38;10;10239339805;B
20240430;100104;309.38;10;10239339806;B
20240430;100104;309.38;80;10239339807;B
20240430;100104;309.38;100;10239339808;B
20240430;100104;309.38;100;10239339809;B
20240430;100104;309.38;100;10239339810;B
20240430;100104;309.38;20;10239339812;B
20240430;100104;309.38;80;10239339813;B
20240430;100104;309.38;90;10239339814;B
20240430;100104;309.38;200;10239339815;B
20240430;100104;309.38;100;10239339817;B
20240430;100104;309.38;30;10239339818;B
20240430;100104;309.4;30;10239339819;B
20240430;100104;309.4;100;10239339820;B
20240430;100104;309.4;100;10239339821;B
20240430;100104;309.4;100;10239339822;B
20240430;100104;309.4;100;10239339823;B
20240430;100104;309.4;70;10239339824;B
20240430;100104;309.41;10;10239339825;B
20240430;100104;309.41;20;10239339826;B
20240430;100104;309.42;200;10239339827;B
20240430;100104;309.42;200;10239339832;B
20240430;100104;309.42;100;10239339833;B
20240430;100105;309.42;70;10239339850;B
20240430;100105;309.43;100;10239339851;B
20240430;100105;309.43;100;10239339852;B
20240430;100105;309.36;400;10239339884;S
20240430;100105;309.35;880;10239339885;S
20240430;100105;309.35;330;10239339886;S
20240430;100105;309.34;890;10239339887;S
20240430;100105;309.35;140;10239339936;S
20240430;100107;309.38;180;10239340320;B
20240430;100110;309.38;450;10239340779;B
20240430;100110;309.4;20;10239340780;B
20240430;100110;309.41;300;10239340781;B
20240430;100110;309.41;70;10239340782;B
20240430;100110;309.43;4160;10239340783;B
20240430;100112;309.39;10;10239341176;S
20240430;100113;309.43;440;10239341281;B
20240430;100113;309.43;1000;10239341353;B
20240430;100113;309.43;200;10239341354;B
20240430;100113;309.43;10;10239341366;S
20240430;100114;309.43;10;10239341501;S
20240430;100115;309.44;500;10239341688;B
20240430;100115;309.44;10;10239341689;B
20240430;100115;309.45;10;10239341690;B
20240430;100115;309.45;100;10239341691;B
20240430;100115;309.47;100;10239341692;B
20240430;100115;309.47;100;10239341693;B
20240430;100115;309.47;80;10239341694;B
20240430;100115;309.47;40;10239341732;B
20240430;100116;309.44;980;10239341745;S
20240430;100116;309.43;20;10239341746;S
20240430;100116;309.47;380;10239341823;B
20240430;100116;309.48;500;10239341824;B
20240430;100116;309.48;400;10239341825;B
20240430;100116;309.49;320;10239341826;B
20240430;100116;309.48;10;10239341960;B
20240430;100117;309.46;10;10239342108;S
20240430;100118;309.47;10;10239342348;S
20240430;100118;309.45;40;10239342349;S
20240430;100119;309.48;10;10239342380;B
20240430;100119;309.49;680;10239342381;B
20240430;100119;309.49;1930;10239342382;B
20240430;100120;309.48;400;10239342545;B
20240430;100120;309.49;70;10239342546;B
20240430;100120;309.49;280;10239342547;B
20240430;100121;309.48;30;10239342696;B
20240430;100121;309.45;10;10239342786;S
20240430;100123;309.47;200;10239343134;B
20240430;100124;309.46;10;10239343310;S
20240430;100124;309.46;60;10239343311;S
20240430;100124;309.46;20;10239343375;S
20240430;100125;309.46;100;10239343485;S
20240430;100125;309.47;300;10239343570;B
20240430;100126;309.47;20;10239343680;B
20240430;100126;309.47;30;10239343723;B
20240430;100127;309.46;400;10239343765;B
20240430;100127;309.47;10;10239343766;B
20240430;100127;309.48;280;10239343768;S
20240430;100128;309.47;590;10239343973;S
20240430;100128;309.47;1000;10239343974;S
20240430;100128;309.47;200;10239343975;S
20240430;100128;309.47;10;10239343976;S
20240430;100128;309.46;500;10239343977;S
20240430;100128;309.46;440;10239343978;S
20240430;100128;309.45;440;10239343979;S
20240430;100128;309.45;10;10239343980;S
20240430;100128;309.44;440;10239343981;S
20240430;100128;309.44;980;10239343982;S
20240430;100128;309.43;460;10239343983;S
20240430;100128;309.43;440;10239343984;S
20240430;100128;309.43;490;10239343985;S
20240430;100128;309.48;350;10239344009;B
20240430;100128;309.48;280;10239344010;B
20240430;100128;309.49;220;10239344011;B
20240430;100128;309.49;5000;10239344012;B
20240430;100128;309.49;10;10239344013;B
20240430;100128;309.49;10;10239344014;B
20240430;100128;309.49;10;10239344015;B
20240430;100128;309.49;240;10239344016;B
20240430;100128;309.49;100;10239344017;B
20240430;100128;309.49;10;10239344018;B
20240430;100128;309.49;10;10239344019;B
20240430;100128;309.49;500;10239344020;B
20240430;100128;309.49;3260;10239344021;B
20240430;100130;309.45;100;10239344352;B
20240430;100130;309.43;10;10239344355;S
20240430;100132;309.44;180;10239344680;B
20240430;100133;309.43;20;10239344720;S
20240430;100133;309.42;10;10239344721;S
20240430;100133;309.36;50;10239344751;S
20240430;100134;309.43;100;10239344862;B
20240430;100134;309.37;100;10239344986;B
20240430;100135;309.37;10;10239345053;B
20240430;100135;309.37;30;10239345072;B
20240430;100135;309.43;170;10239345073;B
20240430;100136;309.42;30;10239345172;B
20240430;100137;309.38;100;10239345324;B
20240430;100137;309.38;100;10239345331;B
20240430;100137;309.38;100;10239345353;B
20240430;100137;309.39;100;10239345366;B
20240430;100137;309.39;300;10239345386;B
20240430;100137;309.39;200;10239345387;B
20240430;100137;309.39;100;10239345456;B
20240430;100137;309.37;100;10239345474;B
20240430;100138;309.37;50;10239345581;B
20240430;100138;309.36;200;10239345591;S
20240430;100140;309.37;10;10239345808;B
20240430;100140;309.36;240;10239345841;S
20240430;100140;309.36;280;10239345842;S
20240430;100140;309.35;440;10239345843;S
20240430;100140;309.35;400;10239345844;S
20240430;100140;309.34;440;10239345845;S
20240430;100140;309.33;200;10239345846;S
20240430;100143;309.32;150;10239346291;S
20240430;100143;309.33;200;10239346343;B
20240430;100147;309.31;20;10239346957;S
20240430;100148;309.32;150;10239346993;B
20240430;100149;309.31;80;10239347233;S
20240430;100149;309.31;870;10239347234;S
20240430;100149;309.3;3000;10239347235;S
20240430;100149;309.3;2000;10239347236;S
20240430;100149;309.29;20;10239347237;S
20240430;100149;309.29;10;10239347238;S
20240430;100149;309.28;120;10239347239;S
20240430;100149;309.27;440;10239347240;S
20240430;100149;309.26;20;10239347241;S
20240430;100149;309.26;440;10239347242;S
20240430;100149;309.25;60;10239347243;S
20240430;100149;309.25;440;10239347244;S
20240430;100149;309.24;440;10239347245;S
20240430;100149;309.23;440;10239347246;S
20240430;100149;309.22;440;10239347247;S
20240430;100149;309.21;60;10239347248;S
20240430;100149;309.21;120;10239347249;S
20240430;100150;309.21;320;10239347347;S
20240430;100150;309.21;680;10239347348;S
20240430;100151;309.21;140;10239347656;B
20240430;100151;309.21;260;10239347657;B
20240430;100151;309.23;100;10239347666;B
20240430;100152;309.23;300;10239347766;B
20240430;100152;309.23;100;10239347858;S
20240430;100153;309.2;10;10239348027;S
20240430;100153;309.21;10;10239348048;B
20240430;100154;309.2;440;10239348056;S
20240430;100154;309.19;10;10239348057;S
20240430;100154;309.19;440;10239348058;S
20240430;100154;309.19;370;10239348059;S
20240430;100154;309.21;160;10239348142;B
20240430;100154;309.23;400;10239348143;B
20240430;100154;309.24;100;10239348144;B
20240430;100154;309.26;340;10239348145;B
20240430;100155;309.25;100;10239348232;B
20240430;100156;309.2;30;10239348406;S
20240430;100156;309.19;30;10239348407;S
20240430;100158;309.25;10;10239348779;B
20240430;100201;309.25;50;10239349130;B
20240430;100204;309.27;10;10239349612;S
20240430;100206;309.27;190;10239349940;S
20240430;100206;309.26;400;10239349941;S
20240430;100206;309.25;150;10239349942;S
20240430;100206;309.25;3230;10239349943;S
20240430;100206;309.23;870;10239349944;S
20240430;100208;309.22;10;10239350158;B
20240430;100208;309.22;10;10239350241;B
20240430;100211;309.21;10;10239350567;S
20240430;100211;309.2;20;10239350568;S
20240430;100211;309.2;130;10239350569;S
20240430;100211;309.2;30;10239350624;S
20240430;100211;309.19;170;10239350625;S
20240430;100211;309.18;20;10239350642;S
20240430;100213;309.17;10;10239350842;S
20240430;100214;309.17;230;10239350963;S
20240430;100214;309.17;60;10239351008;S
20240430;100214;309.16;200;10239351033;B
20240430;100215;309.08;440;10239351143;S
20240430;100215;309.08;560;10239351144;S
20240430;100217;309.13;200;10239351498;B
20240430;100218;309.09;250;10239351663;B
20240430;100220;309.08;310;10239351943;S
20240430;100220;309.08;110;10239351944;S
20240430;100222;309.09;10;10239352307;B
20240430;100222;309.11;20;10239352308;B
20240430;100227;309.08;10;10239352830;S
20240430;100229;309.12;70;10239352994;B
20240430;100229;309.12;10;10239352995;B
20240430;100229;309.1;250;10239353009;S
20240430;100229;309.1;440;10239353010;S
20240430;100229;309.09;210;10239353011;S
20240430;100229;309.11;100;10239353038;B
20240430;100230;309.11;40;10239353123;B
20240430;100232;309.11;200;10239353283;B
20240430;100232;309.09;20;10239353303;S
20240430;100233;309.1;10;10239353400;S
20240430;100234;309.1;200;10239353495;B
20240430;100234;309.09;80;10239353543;S
20240430;100234;309.09;160;10239353544;S
20240430;100234;309.07;10;10239353545;S
20240430;100234;309.07;50;10239353546;S
20240430;100235;309.05;440;10239353676;S
20240430;100235;309.04;50;10239353677;S
20240430;100235;309.04;440;10239353678;S
20240430;100235;309.04;400;10239353679;S
20240430;100235;309.03;100;10239353680;S
20240430;100235;309.03;100;10239353681;S
20240430;100235;309.03;440;10239353682;S
20240430;100235;309.03;30;10239353683;S
20240430;100235;309.07;30;10239353739;B
20240430;100237;309.04;360;10239353868;S
20240430;100238;309.06;10;10239353972;B
20240430;100238;309.08;250;10239353993;B
20240430;100238;309.08;200;10239353996;B
20240430;100240;309.03;10;10239354206;S
20240430;100240;309.03;440;10239354207;S
20240430;100240;309.03;10;10239354208;S
20240430;100240;309.03;400;10239354209;S
20240430;100240;309.02;10;10239354210;S
20240430;100240;309.02;440;10239354211;S
20240430;100240;309.01;50;10239354212;S
20240430;100240;309.01;10;10239354213;S
20240430;100240;309.01;440;10239354214;S
20240430;100240;309.01;300;10239354215;S
20240430;100240;309.01;140;10239354216;S
20240430;100240;309;40;10239354217;S
20240430;100240;309;20;10239354218;S
20240430;100240;309;100;10239354219;S
20240430;100240;309;650;10239354220;S
20240430;100240;309;1770;10239354221;S
20240430;100240;309;100;10239354222;S
20240430;100240;309;10;10239354223;S
20240430;100240;309;10;10239354224;S
20240430;100240;309;50;10239354225;S
20240430;100240;309;50;10239354226;S
20240430;100240;309;100;10239354227;S
20240430;100240;309;7060;10239354228;S
20240430;100242;309.05;10;10239354535;B
20240430;100244;309.01;10;10239354940;S
20240430;100245;309.01;10;10239355059;S
20240430;100247;309.01;10;10239355346;S
20240430;100248;309.01;10;10239355418;S
20240430;100248;309.01;10;10239355436;S
20240430;100248;309.01;10;10239355452;S
20240430;100252;309.01;100;10239356147;S
20240430;100253;309.02;100;10239356297;B
20240430;100253;309.02;100;10239356298;B
20240430;100254;309.01;60;10239356399;S
20240430;100254;309.02;40;10239356412;B
20240430;100254;309.05;110;10239356413;B
20240430;100254;309.06;10;10239356414;B
20240430;100302;309.03;20;10239357296;S
20240430;100302;309.02;90;10239357297;S
20240430;100302;309.01;1000;10239357298;S
20240430;100302;309.01;10;10239357299;S
20240430;100302;309.01;400;10239357300;S
20240430;100302;309.01;480;10239357301;S
20240430;100304;309.02;10;10239357911;B
20240430;100304;309.02;20;10239357919;B
20240430;100306;309.02;10;10239358312;B
20240430;100308;309.02;10;10239358544;B
20240430;100309;309.02;70;10239358682;B
20240430;100313;309.02;50;10239359374;B
20240430;100317;309.06;20;10239360384;B
20240430;100317;309.08;980;10239360385;B
20240430;100317;309.08;20;10239360386;B
20240430;100317;309.08;10;10239360387;B
20240430;100317;309.08;170;10239360472;S
20240430;100317;309.06;580;10239360473;S
20240430;100317;309.05;10;10239360474;S
20240430;100317;309.05;240;10239360475;S
20240430;100318;309.05;10;10239360646;S
20240430;100318;309.09;10;10239360678;B
20240430;100322;309.04;20;10239361177;S
20240430;100323;309.04;50;10239361305;S
20240430;100324;309.04;10;10239361618;S
20240430;100326;309.09;20;10239361782;B
20240430;100326;309.09;20;10239361829;B
20240430;100328;309.09;200;10239362106;B
20240430;100328;309.09;100;10239362109;B
20240430;100335;309.09;40;10239363126;B
20240430;100335;309.09;60;10239363127;B
20240430;100336;309.07;430;10239363231;S
20240430;100337;309.09;200;10239363487;B
20240430;100337;309.05;10;10239363501;S
20240430;100337;309.05;620;10239363502;S
20240430;100337;309.05;370;10239363503;S
20240430;100340;309.07;70;10239363904;S
20240430;100344;309.07;160;10239364645;B
20240430;100344;309.07;40;10239364646;B
20240430;100344;309.06;50;10239364673;S
20240430;100344;309.06;20;10239364674;S
20240430;100344;309.06;10;10239364675;S
20240430;100344;309.03;10;10239364676;S
20240430;100344;309.03;620;10239364677;S
20240430;100344;309.02;10;10239364678;S
20240430;100344;309.02;70;10239364679;S
20240430;100344;309.02;210;10239364680;S
20240430;100349;309.02;400;10239365293;S
20240430;100349;309.01;70;10239365294;S
20240430;100349;309.01;30;10239365295;S
20240430;100350;309.06;250;10239365483;B
20240430;100351;309.06;10;10239365581;B
20240430;100351;309.02;20;10239365697;S
20240430;100351;309.01;380;10239365698;S
20240430;100356;309.06;10;10239366453;B
20240430;100356;309.06;90;10239366454;B
20240430;100356;309.05;20;10239366538;S
20240430;100358;309.02;10;10239366722;S
20240430;100359;309.02;30;10239366838;S
20240430;100400;309.06;10;10239366914;B
20240430;100400;309.06;100;10239367059;B
20240430;100400;309.06;200;10239367072;B
20240430;100400;309.06;580;10239367122;B
20240430;100400;309.06;10;10239367123;B
20240430;100401;309.07;30;10239367387;B
20240430;100404;309.07;100;10239367733;B
20240430;100405;309.07;200;10239367856;B
20240430;100405;309.07;300;10239367930;B
20240430;100407;309.07;330;10239368384;B
20240430;100407;309.07;10;10239368385;B
20240430;100410;309.08;10;10239368859;B
20240430;100410;309.08;10;10239368860;B
20240430;100410;309.08;180;10239368861;B
20240430;100418;309.08;220;10239370157;B
20240430;100418;309.08;440;10239370158;B
20240430;100418;309.08;870;10239370159;B
20240430;100418;309.09;500;10239370160;B
20240430;100418;309.09;440;10239370161;B
20240430;100418;309.09;30;10239370162;B
20240430;100418;309.09;30;10239370278;B
20240430;100418;309.07;150;10239370433;S
20240430;100421;309.08;10;10239370861;B
20240430;100424;309.08;10;10239371353;B
20240430;100425;309.07;10;10239371453;S
20240430;100426;309.08;10;10239371680;B
20240430;100426;309.08;10;10239371681;B
20240430;100428;309.08;30;10239371957;B
20240430;100428;309.08;10;10239371974;B
20240430;100431;309.08;10;10239372308;B
20240430;100431;309.08;30;10239372309;B
20240430;100432;309.08;10;10239372411;B
20240430;100433;309.07;150;10239372558;S
20240430;100433;309.08;530;10239372572;B
20240430;100433;309.08;440;10239372573;B
20240430;100433;309.08;1490;10239372574;B
20240430;100433;309.08;10;10239372575;B
20240430;100433;309.08;10;10239372576;B
20240430;100433;309.08;1000;10239372577;B
20240430;100433;309.08;980;10239372578;B
20240430;100433;309.08;400;10239372579;B
20240430;100433;309.09;410;10239372580;B
20240430;100433;309.09;50;10239372581;B
20240430;100433;309.1;2550;10239372582;B
20240430;100433;309.1;20;10239372583;B
20240430;100433;309.1;1800;10239372584;B
20240430;100433;309.1;30;10239372585;B
20240430;100433;309.1;50;10239372586;B
20240430;100433;309.1;440;10239372587;B
20240430;100434;309.1;20;10239372696;S
20240430;100435;309.1;3240;10239372805;S
20240430;100438;309.1;13240;10239373277;S
20240430;100440;309.11;10;10239373439;B
20240430;100440;309.11;200;10239373450;B
20240430;100441;309.11;80;10239373567;B
20240430;100441;309.11;80;10239373568;B
20240430;100444;309.11;20;10239373974;B
20240430;100446;309.11;10;10239374268;B
20240430;100446;309.11;200;10239374311;B
20240430;100451;309.11;20;10239375612;B
20240430;100452;309.11;30;10239375689;B
20240430;100453;309.1;400;10239375921;S
20240430;100454;309.11;80;10239376048;B
20240430;100454;309.11;70;10239376049;B
20240430;100455;309.1;10;10239376229;S
20240430;100458;309.1;60;10239376558;S
20240430;100459;309.1;10;10239376837;S
20240430;100505;309.11;10;10239377637;B
20240430;100505;309.11;10;10239377680;B
20240430;100506;309.11;910;10239377887;B
20240430;100506;309.11;300;10239377888;B
20240430;100506;309.11;440;10239377889;B
20240430;100506;309.11;10;10239377890;B
20240430;100506;309.11;480;10239377891;B
20240430;100506;309.14;200;10239377892;B
20240430;100507;309.13;20;10239377941;B
20240430;100510;309.13;70;10239378759;S
20240430;100516;309.13;330;10239379531;S
20240430;100516;309.12;10;10239379532;S
20240430;100518;309.12;300;10239379767;S
20240430;100518;309.13;10;10239379815;B
20240430;100521;309.12;90;10239380161;S
20240430;100521;309.12;10;10239380162;S
20240430;100521;309.11;260;10239380163;S
20240430;100521;309.11;560;10239380164;S
20240430;100521;309.11;390;10239380200;S
20240430;100524;309.11;2250;10239380580;S
20240430;100528;309.1;60;10239381018;S
20240430;100530;309.11;10;10239381244;B
20240430;100533;309.11;10;10239381860;B
20240430;100535;309.11;10;10239382106;B
20240430;100536;309.1;80;10239382262;S
20240430;100539;309.1;7000;10239382656;S
20240430;100540;309.1;5670;10239382816;S
20240430;100540;309.1;10;10239382817;S
20240430;100540;309.1;70;10239382818;S
20240430;100540;309.1;10;10239382819;S
20240430;100540;309.1;500;10239382820;S
20240430;100540;309.1;10;10239382821;S
20240430;100540;309.1;10;10239382822;S
20240430;100540;309.1;10;10239382823;S
20240430;100540;309.08;100;10239382963;B
20240430;100542;309.07;10;10239383174;S
20240430;100543;309.07;100;10239383455;S
20240430;100543;309.07;1000;10239383465;S
20240430;100543;309.08;10;10239383470;B
20240430;100545;309.07;10;10239383716;S
20240430;100545;309.08;100;10239383733;B
20240430;100545;309.08;100;10239383747;B
20240430;100545;309.08;90;10239383762;B
20240430;100545;309.08;10;10239383763;B
20240430;100545;309.08;100;10239383777;B
20240430;100548;309.08;290;10239384237;B
20240430;100549;309.08;30;10239384309;B
20240430;100550;309.08;100;10239384408;B
20240430;100550;309.08;40;10239384422;B
20240430;100551;309.08;270;10239384489;B
20240430;100551;309.07;40;10239384547;S
20240430;100552;309.08;10;10239384663;B
20240430;100553;309.08;10;10239384887;B
20240430;100554;309.07;70;10239385022;S
20240430;100554;309.07;20;10239385041;S
20240430;100554;309.07;60;10239385042;S
20240430;100554;309.07;20;10239385043;S
20240430;100554;309.07;20;10239385045;S
20240430;100554;309.07;50;10239385046;S
20240430;100554;309.07;10;10239385047;S
20240430;100554;309.07;200;10239385048;S
20240430;100554;309.06;10;10239385049;S
20240430;100554;309.06;90;10239385050;S
20240430;100554;309.06;10;10239385051;S
20240430;100554;309.06;30;10239385052;S
20240430;100554;309.05;10;10239385053;S
20240430;100554;309.02;50;10239385054;S
20240430;100554;309.02;50;10239385055;S
20240430;100554;309.01;10;10239385056;S
20240430;100554;309.02;30;10239385058;S
20240430;100554;309.01;10;10239385069;S
20240430;100554;309.01;50;10239385070;S
20240430;100554;309.01;110;10239385071;S
20240430;100554;309.02;10;10239385074;S
20240430;100554;309.02;250;10239385147;S
20240430;100555;309.03;30;10239385329;B
20240430;100556;309.03;20;10239385357;B
20240430;100558;309.02;400;10239385586;S
20240430;100558;309.01;840;10239385587;S
20240430;100558;309.01;660;10239385588;S
20240430;100558;309;10;10239385589;S
20240430;100558;309;30;10239385590;S
20240430;100558;309;10;10239385591;S
20240430;100558;309;20;10239385592;S
20240430;100558;309;1000;10239385593;S
20240430;100558;309;160;10239385594;S
20240430;100558;309;20;10239385595;S
20240430;100558;309;30000;10239385596;S
20240430;100558;309;50;10239385597;S
20240430;100558;309;100;10239385598;S
20240430;100558;309;20;10239385599;S
20240430;100558;309;100;10239385600;S
20240430;100558;309;600;10239385601;S
20240430;100558;309;10;10239385602;S
20240430;100558;309;100;10239385603;S
20240430;100558;309;10;10239385604;S
20240430;100558;308.99;180;10239385637;B
20240430;100558;308.99;320;10239385638;B
20240430;100558;308.99;10;10239385641;B
20240430;100558;308.98;20;10239385650;S
20240430;100558;308.98;10;10239385652;S
20240430;100558;308.98;100;10239385653;S
20240430;100558;308.98;40;10239385654;S
20240430;100601;308.99;10;10239385979;B
20240430;100601;308.99;60;10239386035;B
20240430;100601;308.99;1000;10239386036;B
20240430;100601;308.99;460;10239386037;B
20240430;100603;308.99;10;10239386322;B
20240430;100606;308.98;60;10239386641;S
20240430;100606;308.98;30;10239386642;S
20240430;100606;308.98;10;10239386643;S
20240430;100606;308.98;2500;10239386644;S
20240430;100606;308.97;10;10239386645;S
20240430;100606;308.97;10;10239386646;S
20240430;100606;308.97;10;10239386647;S
20240430;100606;308.97;60;10239386648;S
20240430;100606;308.97;10;10239386649;S
20240430;100606;308.97;10;10239386650;S
20240430;100606;308.97;30;10239386651;S
20240430;100606;308.97;10;10239386652;S
20240430;100606;308.97;330;10239386653;S
20240430;100606;308.97;960;10239386654;S
20240430;100606;308.97;10;10239386655;S
20240430;100606;308.97;70;10239386656;S
20240430;100606;308.97;10;10239386657;S
20240430;100606;308.97;330;10239386658;S
20240430;100606;308.97;250;10239386659;S
20240430;100606;308.97;910;10239386660;S
20240430;100606;308.97;90;10239386661;S
20240430;100606;308.97;10;10239386662;S
20240430;100606;308.97;150;10239386663;S
20240430;100606;308.97;40;10239386664;S
20240430;100606;308.97;10;10239386665;S
20240430;100606;308.97;10;10239386666;S
20240430;100606;308.97;150;10239386667;S
20240430;100606;308.97;60;10239386668;S
20240430;100606;308.97;200;10239386669;S
20240430;100606;308.97;900;10239386670;S
20240430;100606;308.97;100;10239386671;S
20240430;100606;308.97;10;10239386672;S
20240430;100606;308.97;10;10239386673;S
20240430;100606;308.97;10;10239386674;S
20240430;100606;308.97;30;10239386675;S
20240430;100606;308.95;100;10239386676;S
20240430;100606;308.95;3000;10239386677;S
20240430;100606;308.95;1000;10239386678;S
20240430;100606;308.95;20;10239386679;S
20240430;100606;308.95;2000;10239386680;S
20240430;100606;308.94;30;10239386681;S
20240430;100606;308.94;80;10239386682;S
20240430;100606;308.93;40;10239386685;S
20240430;100606;308.92;40;10239386686;S
20240430;100606;308.9;10;10239386691;S
20240430;100606;308.9;500;10239386692;S
20240430;100606;308.88;20;10239386693;S
20240430;100606;308.87;870;10239386694;S
20240430;100606;308.86;20;10239386695;S
20240430;100606;308.85;10;10239386697;S
20240430;100606;308.85;250;10239386698;S
20240430;100606;308.85;10;10239386699;S
20240430;100606;308.83;10;10239386700;S
20240430;100606;308.83;50;10239386701;S
20240430;100606;308.82;10;10239386707;S
20240430;100606;308.81;700;10239386708;S
20240430;100606;308.8;10;10239386711;S
20240430;100606;308.8;20;10239386712;S
20240430;100606;308.8;60;10239386713;S
20240430;100606;308.8;140;10239386714;S
20240430;100606;308.8;10;10239386715;S
20240430;100606;308.8;100;10239386716;S
20240430;100606;308.8;100;10239386717;S
20240430;100606;308.79;10;10239386747;S
20240430;100606;308.78;20;10239386748;S
20240430;100606;308.76;170;10239386749;S
20240430;100607;308.75;1000;10239386775;S
20240430;100607;308.74;20;10239386825;S
20240430;100609;308.74;140;10239387075;S
20240430;100609;308.74;220;10239387076;S
20240430;100609;308.73;200;10239387095;B
20240430;100609;308.73;200;10239387096;B
20240430;100609;308.76;200;10239387097;B
20240430;100609;308.76;200;10239387098;B
20240430;100609;308.76;100;10239387099;S
20240430;100609;308.77;2560;10239387108;S
20240430;100611;308.79;200;10239387293;B
20240430;100611;308.78;200;10239387294;B
20240430;100611;308.8;200;10239387351;B
20240430;100611;308.81;330;10239387352;B
20240430;100611;308.81;200;10239387366;B
20240430;100611;308.81;200;10239387387;B
20240430;100611;308.81;40;10239387419;B
20240430;100611;308.83;440;10239387428;S
20240430;100611;308.83;70;10239387429;S
20240430;100611;308.83;160;10239387430;B
20240430;100612;308.84;200;10239387487;B
20240430;100612;308.85;200;10239387499;B
20240430;100612;308.85;200;10239387507;B
20240430;100612;308.85;200;10239387546;B
20240430;100612;308.85;200;10239387599;B
20240430;100613;308.85;200;10239387712;B
20240430;100613;308.85;200;10239387716;B
20240430;100613;308.85;200;10239387755;B
20240430;100614;308.84;330;10239387804;S
20240430;100615;308.82;980;10239387946;S
20240430;100615;308.82;180;10239387947;B
20240430;100615;308.83;10;10239387965;B
20240430;100616;308.82;980;10239388093;S
20240430;100616;308.82;960;10239388109;B
20240430;100616;308.85;10;10239388144;B
20240430;100617;308.82;10;10239388151;S
20240430;100617;308.86;200;10239388161;B
20240430;100617;308.86;10;10239388190;B
20240430;100618;308.84;480;10239388328;S
20240430;100619;308.85;100;10239388481;B
20240430;100621;308.85;200;10239388687;B
20240430;100624;308.85;100;10239388939;B
20240430;100624;308.85;100;10239388990;B
20240430;100625;308.85;200;10239389007;B
20240430;100625;308.84;20;10239389109;S
20240430;100625;308.84;200;10239389110;S
20240430;100626;308.84;220;10239389182;S
20240430;100626;308.85;20;10239389209;B
20240430;100626;308.85;100;10239389212;B
20240430;100626;308.85;610;10239389263;B
20240430;100626;308.85;100;10239389287;B
20240430;100627;308.85;200;10239389350;B
20240430;100627;308.85;200;10239389382;B
20240430;100627;308.85;200;10239389387;B
20240430;100628;308.85;200;10239389465;B
20240430;100628;308.85;10;10239389479;B
20240430;100628;308.85;200;10239389498;B
20240430;100629;308.85;200;10239389556;B
20240430;100629;308.85;80;10239389557;B
20240430;100629;308.9;10;10239389558;B
20240430;100629;308.9;110;10239389559;B
20240430;100629;308.9;330;10239389672;S
20240430;100629;308.9;1000;10239389675;S
20240430;100630;308.9;10;10239389805;S
20240430;100630;308.9;160;10239389806;B
20240430;100631;308.91;100;10239389855;B
20240430;100633;308.91;160;10239390201;S
20240430;100634;308.91;190;10239390203;S
20240430;100638;308.91;150;10239390754;S
20240430;100638;308.89;150;10239390755;S
20240430;100642;308.86;10;10239391158;S
20240430;100643;308.87;200;10239391220;B
20240430;100643;308.87;200;10239391221;B
20240430;100643;308.86;120;10239391299;S
20240430;100646;308.87;20;10239391562;S
20240430;100655;308.87;20;10239392842;B
20240430;100656;308.87;50;10239392961;B
20240430;100657;308.87;60;10239393135;B
20240430;100703;308.87;10;10239393895;B
20240430;100706;308.87;10;10239394265;B
20240430;100707;308.87;20;10239394383;B
20240430;100708;308.86;100;10239394434;S
20240430;100708;308.86;150;10239394435;S
20240430;100709;308.87;110;10239394674;S
20240430;100711;308.88;10;10239394871;B
20240430;100712;308.88;100;10239394922;B
20240430;100712;308.88;100;10239394944;B
20240430;100712;308.88;100;10239394951;B
20240430;100712;308.88;100;10239394981;B
20240430;100712;308.88;100;10239394999;B
20240430;100712;308.88;100;10239395018;B
20240430;100712;308.88;100;10239395039;B
20240430;100713;308.88;100;10239395055;B
20240430;100713;308.88;100;10239395178;B
20240430;100713;308.87;400;10239395242;S
20240430;100713;308.87;500;10239395243;S
20240430;100713;308.87;1000;10239395244;S
20240430;100713;308.87;330;10239395245;S
20240430;100713;308.87;200;10239395246;S
20240430;100713;308.87;570;10239395247;S
20240430;100720;308.88;1500;10239396038;B
20240430;100721;308.87;80;10239396257;S
20240430;100722;308.87;10;10239396374;S
20240430;100723;308.88;200;10239396522;B
20240430;100724;308.88;10;10239396597;B
20240430;100726;308.88;220;10239396815;B
20240430;100727;308.88;10;10239396833;B
20240430;100730;308.88;170;10239397208;B
20240430;100731;308.88;10;10239397346;B
20240430;100734;308.88;200;10239397724;B
20240430;100737;308.87;20;10239398069;S
20240430;100738;308.88;30;10239398254;B
20240430;100745;308.88;100;10239399031;B
20240430;100746;308.88;10;10239399312;B
20240430;100749;308.88;20;10239399551;B
20240430;100751;308.88;100;10239399759;B
20240430;100751;308.88;200;10239399825;B
20240430;100752;308.88;100;10239399945;B
20240430;100759;308.88;20;10239400851;B
20240430;100805;308.87;120;10239401769;S
20240430;100807;308.88;20;10239402099;B
20240430;100807;308.87;200;10239402152;S
20240430;100807;308.87;500;10239402153;S
20240430;100807;308.87;1000;10239402154;S
20240430;100807;308.87;510;10239402155;S
20240430;100807;308.87;90;10239402156;S
20240430;100807;308.87;100;10239402157;S
20240430;100807;308.87;400;10239402158;S
20240430;100807;308.87;150;10239402159;S
20240430;100807;308.87;10;10239402160;S
20240430;100807;308.87;3000;10239402161;S
20240430;100807;308.87;100;10239402162;S
20240430;100807;308.87;440;10239402163;S
20240430;100807;308.87;300;10239402164;S
20240430;100807;308.86;350;10239402165;S
20240430;100807;308.86;10;10239402166;S
20240430;100807;308.86;100;10239402167;S
20240430;100807;308.86;100;10239402168;S
20240430;100807;308.86;1000;10239402169;S
20240430;100807;308.86;610;10239402170;S
20240430;100807;308.86;440;10239402171;S
20240430;100807;308.85;500;10239402172;S
20240430;100807;308.85;440;10239402173;S
20240430;100807;308.84;12580;10239402174;S
20240430;100807;308.84;440;10239402175;S
20240430;100807;308.84;10;10239402176;S
20240430;100807;308.83;440;10239402177;S
20240430;100807;308.82;440;10239402178;S
20240430;100807;308.82;30;10239402179;S
20240430;100807;308.81;2000;10239402180;S
20240430;100807;308.81;440;10239402181;S
20240430;100807;308.8;500;10239402182;S
20240430;100807;308.8;440;10239402183;S
20240430;100807;308.8;40;10239402184;S
20240430;100807;308.8;20;10239402185;S
20240430;100807;308.8;10;10239402186;S
20240430;100807;308.8;10;10239402187;S
20240430;100807;308.8;2000;10239402188;S
20240430;100807;308.8;6100;10239402189;S
20240430;100807;308.82;100;10239402218;B
20240430;100808;308.82;100;10239402232;B
20240430;100808;308.84;100;10239402249;B
20240430;100811;308.84;20;10239402777;B
20240430;100811;308.85;440;10239402778;B
20240430;100811;308.86;440;10239402779;B
20240430;100811;308.86;400;10239402780;B
20240430;100811;308.87;440;10239402781;B
20240430;100811;308.88;1170;10239402782;B
20240430;100811;308.88;440;10239402783;B
20240430;100811;308.88;2350;10239402784;B
20240430;100812;308.83;840;10239402844;S
20240430;100817;308.89;100;10239403504;S
20240430;100823;308.9;110;10239404134;B
20240430;100823;308.9;10;10239404135;B
20240430;100823;308.92;500;10239404136;S
20240430;100823;308.92;510;10239404137;S
20240430;100825;308.92;100;10239404440;S
20240430;100826;308.93;1000;10239404569;B
20240430;100828;308.93;110;10239404743;B
20240430;100828;308.92;30;10239404773;S
20240430;100831;308.93;10;10239405483;B
20240430;100831;308.93;90;10239405484;B
20240430;100833;308.94;110;10239405745;B
20240430;100833;308.94;10;10239405770;B
20240430;100833;308.94;20;10239405771;B
20240430;100835;308.94;20;10239405978;B
20240430;100839;308.95;10;10239406514;B
20240430;100839;308.95;20;10239406515;B
20240430;100840;308.95;10;10239406637;B
20240430;100840;308.95;310;10239406638;B
20240430;100840;308.95;30;10239406643;B
20240430;100843;308.95;20;10239406929;S
20240430;100845;308.95;110;10239407086;S
20240430;100845;308.93;440;10239407175;S
20240430;100845;308.96;10;10239407184;B
20240430;100845;308.96;10;10239407185;B
20240430;100847;308.94;10;10239407415;S
20240430;100848;308.96;10;10239407558;S
20240430;100848;308.97;100;10239407574;B
20240430;100849;308.97;100;10239407584;B
20240430;100849;308.97;100;10239407590;B
20240430;100849;308.97;100;10239407599;B
20240430;100849;308.97;100;10239407619;B
20240430;100849;308.97;100;10239407630;B
20240430;100849;308.97;100;10239407652;B
20240430;100852;308.97;40;10239407991;B
20240430;100900;308.97;70;10239408910;B
20240430;100903;308.97;20;10239409221;B
20240430;100904;308.96;10;10239409280;S
20240430;100904;308.95;40;10239409281;S
20240430;100904;308.94;500;10239409282;S
20240430;100904;308.93;500;10239409283;S
20240430;100904;308.93;30;10239409284;S
20240430;100904;308.92;500;10239409285;S
20240430;100904;308.91;500;10239409286;S
20240430;100904;308.9;500;10239409287;S
20240430;100904;308.9;10;10239409288;S
20240430;100904;308.9;10;10239409289;S
20240430;100904;308.9;60;10239409319;B
20240430;100905;308.9;100;10239409460;B
20240430;100905;308.9;100;10239409472;B
20240430;100905;308.9;1000;10239409475;B
20240430;100905;308.9;140;10239409476;B
20240430;100905;308.95;200;10239409477;B
20240430;100905;308.95;410;10239409478;B
20240430;100906;308.96;610;10239409595;B
20240430;100906;308.96;980;10239409596;B
20240430;100907;308.96;10;10239409758;B
20240430;100907;308.94;20;10239409774;S
20240430;100908;308.94;100;10239409918;B
20240430;100909;308.95;100;10239410056;B
20240430;100911;308.94;100;10239410219;B
20240430;100911;308.94;100;10239410235;B
20240430;100912;308.94;100;10239410248;B
20240430;100912;308.93;10;10239410259;B
20240430;100912;308.93;90;10239410260;B
20240430;100912;308.94;30;10239410265;B
20240430;100912;308.94;100;10239410267;B
20240430;100913;308.93;100;10239410432;B
20240430;100914;308.93;100;10239410456;B
20240430;100914;308.93;10;10239410467;B
20240430;100914;308.93;100;10239410484;B
20240430;100914;308.93;100;10239410506;B
20240430;100917;308.91;10;10239410735;S
20240430;100918;308.92;10;10239410922;B
20240430;100918;308.92;100;10239410923;B
20240430;100918;308.92;100;10239410942;B
20240430;100918;308.92;100;10239410962;B
20240430;100918;308.92;100;10239410982;B
20240430;100919;308.92;100;10239410993;B
20240430;100919;308.94;100;10239411001;B
20240430;100919;308.94;100;10239411011;B
20240430;100919;308.94;100;10239411015;B
20240430;100919;308.94;100;10239411036;B
20240430;100919;308.94;100;10239411082;B
20240430;100919;308.94;100;10239411117;B
20240430;100920;308.94;100;10239411128;B
20240430;100920;308.94;100;10239411168;B
20240430;100920;308.94;100;10239411176;B
20240430;100921;308.94;100;10239411270;B
20240430;100921;308.94;100;10239411298;B
20240430;100921;308.94;100;10239411306;B
20240430;100921;308.94;100;10239411319;B
20240430;100921;308.94;100;10239411327;B
20240430;100924;308.93;400;10239411577;S
20240430;100931;308.93;10;10239412545;S
20240430;100931;308.93;10;10239412546;S
20240430;100931;308.92;160;10239412547;S
20240430;100933;308.93;10;10239412752;B
20240430;100939;308.92;50;10239413337;B
20240430;100940;308.92;100;10239413426;B
20240430;100940;308.92;50;10239413427;B
20240430;100941;308.91;200;10239413520;S
20240430;100945;308.92;350;10239413984;B
20240430;100945;308.92;500;10239413985;B
20240430;100945;308.92;170;10239413986;B
20240430;100947;308.91;200;10239414224;S
20240430;100949;308.92;540;10239414424;B
20240430;100952;308.91;10;10239414777;S
20240430;100959;308.91;140;10239415603;S
20240430;100959;308.91;300;10239415604;S
20240430;100959;308.91;10;10239415605;S
20240430;100959;308.9;10;10239415606;S
20240430;101002;308.9;20;10239416213;S
20240430;101009;308.91;10;10239417060;B
20240430;101010;308.9;40;10239417080;S
20240430;101011;308.91;10;10239417249;B
20240430;101011;308.91;90;10239417250;B
20240430;101016;308.9;10;10239417748;S
20240430;101020;308.91;100;10239418137;B
20240430;101026;308.91;2000;10239418703;B
20240430;101031;308.91;30;10239419221;B
20240430;101034;308.91;780;10239419470;B
20240430;101034;308.92;10;10239419471;B
20240430;101034;308.93;10;10239419472;B
20240430;101034;308.93;200;10239419473;B
20240430;101037;308.92;10;10239419843;B
20240430;101044;308.93;70;10239420580;B
20240430;101046;308.93;10;10239420749;B
20240430;101046;308.92;10;10239420766;S
20240430;101047;308.93;100;10239420878;B
20240430;101048;308.94;10;10239420956;B
20240430;101049;308.93;10;10239421026;S
20240430;101050;308.94;250;10239421075;B
20240430;101051;308.94;10;10239421179;B
20240430;101052;308.94;10;10239421293;B
20240430;101056;308.93;870;10239421891;S
20240430;101056;308.93;510;10239421892;S
20240430;101056;308.93;980;10239421893;S
20240430;101056;308.93;70;10239421894;S
20240430;101056;308.93;10;10239421895;S
20240430;101056;308.92;70;10239421896;S
20240430;101056;308.92;10;10239421897;S
20240430;101056;308.92;50;10239421898;S
20240430;101056;308.92;30;10239421899;S
20240430;101056;308.92;50;10239421900;S
20240430;101056;308.92;2000;10239421901;S
20240430;101056;308.92;10;10239421902;S
20240430;101056;308.92;60;10239421903;S
20240430;101056;308.92;30;10239421904;S
20240430;101056;308.92;50;10239421905;S
20240430;101056;308.92;400;10239421906;S
20240430;101056;308.91;40;10239421907;S
20240430;101058;308.92;10;10239422104;B
20240430;101059;308.92;1890;10239422151;B
20240430;101059;308.92;30;10239422220;B
20240430;101101;308.92;160;10239422394;B
20240430;101103;308.92;20;10239422577;B
20240430;101103;308.92;70;10239422611;B
20240430;101105;308.92;10;10239422873;B
20240430;101111;308.91;60;10239423517;S
20240430;101111;308.91;30;10239423518;S
20240430;101111;308.91;50;10239423519;S
20240430;101111;308.91;120;10239423520;S
20240430;101111;308.91;50;10239423570;S
20240430;101113;308.92;300;10239423736;B
20240430;101113;308.92;60;10239423801;B
20240430;101114;308.92;400;10239423818;B
20240430;101117;308.92;50;10239424261;B
20240430;101133;308.91;10;10239425949;S
20240430;101136;308.92;40;10239426428;B
20240430;101139;308.92;10;10239426966;B
20240430;101142;308.91;110;10239427240;S
20240430;101142;308.92;30;10239427251;B
20240430;101146;308.92;10;10239428006;B
20240430;101148;308.92;10;10239428304;B
20240430;101151;308.92;10;10239428520;B
20240430;101156;308.92;70;10239429039;B
20240430;101159;308.91;10;10239429430;S
20240430;101203;308.92;10;10239429907;B
20240430;101204;308.92;20;10239429966;B
20240430;101205;308.92;120;10239430042;B
20240430;101205;308.92;500;10239430043;B
20240430;101207;308.91;1000;10239430368;S
20240430;101207;308.92;10;10239430448;B
20240430;101208;308.92;800;10239430600;B
20240430;101210;308.92;20;10239430811;B
20240430;101210;308.92;30;10239430856;B
20240430;101217;308.92;10;10239431765;B
20240430;101221;308.92;10;10239432227;B
20240430;101224;308.91;200;10239432651;S
20240430;101225;308.92;50;10239432748;B
20240430;101230;308.92;20;10239433326;B
20240430;101231;308.92;10;10239433431;B
20240430;101239;308.92;10;10239434152;B
20240430;101240;308.92;350;10239434220;B
20240430;101245;308.91;30;10239434635;S
20240430;101246;308.92;300;10239434743;B
20240430;101246;308.92;30;10239434759;B
20240430;101248;308.92;20;10239434907;B
20240430;101252;308.92;770;10239435345;B
20240430;101252;308.92;300;10239435359;B
20240430;101252;308.91;10;10239435378;S
20240430;101258;308.92;800;10239435792;B
20240430;101258;308.92;10;10239435797;B
20240430;101258;308.91;180;10239435820;S
20240430;101258;308.91;10;10239435821;S
20240430;101258;308.91;30;10239435822;S
20240430;101258;308.91;100;10239435830;B
20240430;101258;308.91;100;10239435836;B
20240430;101258;308.91;100;10239435845;B
20240430;101259;308.91;100;10239435848;B
20240430;101259;308.91;100;10239435863;B
20240430;101259;308.91;100;10239435874;B
20240430;101259;308.91;100;10239435887;B
20240430;101259;308.91;80;10239435908;B
20240430;101259;308.91;20;10239435909;B
20240430;101259;308.91;50;10239435913;B
20240430;101259;308.91;100;10239435914;B
20240430;101302;308.91;10;10239436286;B
20240430;101303;308.91;20;10239436361;B
20240430;101303;308.9;100;10239436378;S
20240430;101303;308.9;400;10239436379;S
20240430;101303;308.9;10;10239436380;S
20240430;101303;308.9;40;10239436381;S
20240430;101303;308.89;20;10239436382;S
20240430;101303;308.88;30;10239436383;S
20240430;101304;308.89;10;10239436493;B
20240430;101306;308.89;40;10239436696;B
20240430;101307;308.88;10;10239436829;S
20240430;101307;308.88;10;10239436830;S
20240430;101307;308.88;40;10239436831;S
20240430;101307;308.87;50;10239436832;S
20240430;101307;308.87;30;10239436833;S
20240430;101307;308.86;220;10239436834;S
20240430;101308;308.89;100;10239436895;B
20240430;101308;308.9;100;10239436905;B
20240430;101308;308.9;100;10239436911;B
20240430;101308;308.91;500;10239436921;B
20240430;101310;308.91;500;10239437095;B
20240430;101316;308.9;10;10239437570;S
20240430;101317;308.91;500;10239437619;B
20240430;101320;308.91;10;10239437891;B
20240430;101321;308.91;60;10239438013;B
20240430;101322;308.91;20;10239438116;B
20240430;101323;308.9;70;10239438230;S
20240430;101323;308.9;10;10239438231;S
20240430;101323;308.89;10;10239438232;S
20240430;101323;308.87;470;10239438233;S
20240430;101323;308.86;510;10239438234;S
20240430;101323;308.86;980;10239438235;S
20240430;101323;308.86;870;10239438236;S
20240430;101323;308.85;10;10239438237;S
20240430;101323;308.85;10;10239438238;S
20240430;101323;308.85;330;10239438239;S
20240430;101323;308.84;10;10239438240;S
20240430;101323;308.84;440;10239438241;S
20240430;101323;308.84;880;10239438242;S
20240430;101323;308.84;400;10239438243;S
20240430;101323;308.83;500;10239438244;S
20240430;101323;308.83;440;10239438245;S
20240430;101323;308.82;500;10239438246;S
20240430;101323;308.82;10;10239438247;S
20240430;101323;308.82;60;10239438248;S
20240430;101323;308.82;440;10239438249;S
20240430;101323;308.82;20;10239438250;S
20240430;101323;308.81;30;10239438251;S
20240430;101323;308.81;440;10239438252;S
20240430;101323;308.81;110;10239438253;S
20240430;101323;308.81;2000;10239438254;S
20240430;101323;308.8;5940;10239438255;S
20240430;101323;308.8;440;10239438256;S
20240430;101323;308.79;440;10239438257;S
20240430;101323;308.79;50;10239438258;S
20240430;101323;308.79;3000;10239438259;S
20240430;101323;308.78;580;10239438260;S
20240430;101324;308.79;100;10239438275;B
20240430;101325;308.8;100;10239438433;B
20240430;101325;308.8;100;10239438457;B
20240430;101325;308.8;100;10239438467;B
20240430;101327;308.8;20;10239438647;S
20240430;101327;308.78;420;10239438648;S
20240430;101327;308.78;240;10239438649;S
20240430;101327;308.77;50;10239438650;S
20240430;101327;308.76;50;10239438651;S
20240430;101327;308.75;300;10239438652;S
20240430;101327;308.74;50;10239438653;S
20240430;101327;308.74;510;10239438654;S
20240430;101327;308.73;100;10239438655;S
20240430;101327;308.73;440;10239438656;S
20240430;101327;308.73;330;10239438657;S
20240430;101327;308.73;190;10239438658;S
20240430;101327;308.8;100;10239438677;B
20240430;101328;308.8;100;10239438687;B
20240430;101328;308.8;100;10239438695;B
20240430;101328;308.8;100;10239438702;B
20240430;101328;308.77;100;10239438716;B
20240430;101328;308.78;100;10239438731;B
20240430;101328;308.78;100;10239438749;B
20240430;101328;308.74;20;10239438762;S
20240430;101329;308.78;10;10239438863;B
20240430;101330;308.79;720;10239438971;B
20240430;101330;308.75;300;10239438993;S
20240430;101335;308.75;30;10239439440;S
20240430;101335;308.75;100;10239439561;B
20240430;101339;308.74;20;10239439944;S
20240430;101339;308.74;20;10239439945;S
20240430;101340;308.72;20;10239440082;S
20240430;101341;308.72;10;10239440092;S
20240430;101341;308.72;50;10239440093;S
20240430;101341;308.72;10;10239440094;S
20240430;101342;308.73;460;10239440314;B
20240430;101342;308.73;500;10239440315;B
20240430;101342;308.73;190;10239440316;B
20240430;101345;308.72;90;10239440588;S
20240430;101345;308.72;10;10239440589;S
20240430;101349;308.73;30;10239441088;B
20240430;101349;308.73;10;10239441108;B
20240430;101351;308.71;100;10239441298;B
20240430;101352;308.71;10;10239441418;B
20240430;101356;308.71;100;10239441679;B
20240430;101357;308.71;190;10239441751;B
20240430;101357;308.71;10;10239441752;B
20240430;101357;308.71;490;10239441753;B
20240430;101357;308.71;10;10239441754;B
20240430;101402;308.7;100;10239442427;S
20240430;101402;308.7;10;10239442428;S
20240430;101402;308.7;10;10239442429;S
20240430;101402;308.7;20;10239442430;S
20240430;101402;308.7;10;10239442431;S
20240430;101402;308.7;100;10239442432;S
20240430;101402;308.7;130;10239442433;S
20240430;101403;308.7;20;10239442492;B
20240430;101404;308.71;10;10239442544;B
20240430;101404;308.71;20;10239442545;B
20240430;101404;308.71;20;10239442546;B
20240430;101404;308.71;20;10239442547;B
20240430;101404;308.71;20;10239442548;B
20240430;101404;308.71;10;10239442549;B
20240430;101406;308.71;10;10239442738;B
20240430;101406;308.71;320;10239442773;B
20240430;101406;308.7;400;10239442795;S
20240430;101411;308.7;150;10239443403;B
20240430;101414;308.72;100;10239443995;S
20240430;101415;308.73;40;10239444192;B
20240430;101422;308.75;20;10239444867;S
20240430;101423;308.75;150;10239444973;S
20240430;101425;308.75;200;10239445127;S
20240430;101426;308.77;190;10239445234;B
20240430;101431;308.75;10;10239445761;S
20240430;101431;308.75;20;10239445810;S
20240430;101432;308.77;50;10239445832;B
20240430;101432;308.78;10;10239445944;B
20240430;101434;308.75;100;10239446125;S
20240430;101437;308.77;40;10239446485;B
20240430;101440;308.78;20;10239446742;S
20240430;101445;308.76;10;10239447293;B
20240430;101445;308.76;10;10239447307;B
20240430;101447;308.75;20;10239447460;S
20240430;101451;308.76;200;10239447832;B
20240430;101451;308.76;180;10239447833;B
20240430;101451;308.76;360;10239447834;B
20240430;101451;308.78;440;10239447835;B
20240430;101452;308.81;150;10239447970;B
20240430;101453;308.81;90;10239448047;S
20240430;101455;308.84;50;10239448170;B
20240430;101457;308.85;440;10239448362;B
20240430;101457;308.86;60;10239448363;B
20240430;101503;308.86;100;10239449079;B
20240430;101503;308.86;40;10239449085;B
20240430;101503;308.86;60;10239449086;B
20240430;101504;308.86;100;10239449139;B
20240430;101504;308.86;100;10239449152;B
20240430;101504;308.86;100;10239449161;B
20240430;101504;308.86;100;10239449168;B
20240430;101504;308.86;100;10239449188;B
20240430;101504;308.86;100;10239449194;B
20240430;101504;308.86;100;10239449217;B
20240430;101504;308.86;100;10239449223;B
20240430;101504;308.86;100;10239449239;B
20240430;101505;308.86;40;10239449254;B
20240430;101505;308.86;60;10239449255;B
20240430;101505;308.86;100;10239449283;B
20240430;101505;308.86;100;10239449294;B
20240430;101505;308.86;10;10239449298;B
20240430;101505;308.86;100;10239449299;B
20240430;101505;308.86;70;10239449304;B
20240430;101505;308.86;30;10239449305;B
20240430;101505;308.86;100;10239449315;B
20240430;101505;308.86;100;10239449328;B
20240430;101506;308.86;100;10239449346;B
20240430;101506;308.86;100;10239449351;B
20240430;101506;308.86;100;10239449367;B
20240430;101506;308.86;100;10239449372;B
20240430;101506;308.86;100;10239449386;B
20240430;101506;308.86;100;10239449399;B
20240430;101506;308.86;100;10239449410;B
20240430;101506;308.86;100;10239449419;B
20240430;101506;308.86;100;10239449430;B
20240430;101507;308.86;100;10239449439;B
20240430;101507;308.86;100;10239449448;B
20240430;101507;308.86;100;10239449454;B
20240430;101507;308.86;100;10239449460;B
20240430;101507;308.86;100;10239449464;B
20240430;101507;308.86;100;10239449474;B
20240430;101507;308.86;100;10239449482;B
20240430;101507;308.86;100;10239449491;B
20240430;101508;308.86;20;10239449538;B
20240430;101509;308.86;50;10239449649;B
20240430;101509;308.86;50;10239449650;B
20240430;101509;308.86;100;10239449657;B
20240430;101509;308.86;100;10239449666;B
20240430;101509;308.86;100;10239449697;B
20240430;101509;308.86;100;10239449720;B
20240430;101510;308.86;10;10239449932;B
20240430;101511;308.85;10;10239450338;S
20240430;101514;308.86;40;10239450957;B
20240430;101514;308.86;60;10239450958;B
20240430;101514;308.86;100;10239450996;B
20240430;101515;308.86;80;10239451023;B
20240430;101519;308.85;10;10239451920;S
20240430;101519;308.85;10;10239451952;S
20240430;101525;308.86;630;10239452912;B
20240430;101525;308.86;370;10239452913;B
20240430;101526;308.86;10;10239453281;B
20240430;101527;308.86;10;10239453374;B
20240430;101528;308.85;10;10239453561;S
20240430;101534;308.86;110;10239454513;B
20240430;101534;308.86;440;10239454514;B
20240430;101534;308.86;350;10239454515;B
20240430;101535;308.86;270;10239454736;B
20240430;101536;308.85;100;10239454815;S
20240430;101544;308.85;90;10239456123;S
20240430;101544;308.85;460;10239456124;S
20240430;101544;308.84;20;10239456125;S
20240430;101544;308.82;140;10239456126;S
20240430;101544;308.81;510;10239456127;S
20240430;101544;308.81;20;10239456128;S
20240430;101544;308.81;980;10239456129;S
20240430;101544;308.81;880;10239456130;S
20240430;101544;308.8;970;10239456131;S
20240430;101544;308.79;970;10239456132;S
20240430;101544;308.79;400;10239456133;S
20240430;101544;308.78;20;10239456134;S
20240430;101544;308.78;500;10239456135;S
20240430;101544;308.78;970;10239456136;S
20240430;101544;308.77;500;10239456137;S
20240430;101544;308.77;500;10239456138;S
20240430;101544;308.77;440;10239456139;S
20240430;101544;308.77;970;10239456140;S
20240430;101544;308.76;200;10239456141;S
20240430;101544;308.76;500;10239456142;S
20240430;101544;308.76;440;10239456143;S
20240430;101544;308.75;50;10239456144;S
20240430;101544;308.75;10;10239456145;S
20240430;101544;308.75;440;10239456146;S
20240430;101544;308.75;50;10239456147;S
20240430;101544;308.75;10;10239456148;S
20240430;101544;308.74;20;10239456149;S
20240430;101544;308.74;440;10239456150;S
20240430;101544;308.74;2000;10239456151;S
20240430;101544;308.73;100;10239456152;S
20240430;101544;308.73;440;10239456153;S
20240430;101544;308.73;8000;10239456154;S
20240430;101544;308.73;2000;10239456155;S
20240430;101544;308.72;460;10239456156;S
20240430;101544;308.72;20;10239456157;S
20240430;101544;308.72;440;10239456158;S
20240430;101544;308.72;800;10239456159;S
20240430;101544;308.72;5000;10239456160;S
20240430;101544;308.71;440;10239456161;S
20240430;101544;308.71;10;10239456162;S
20240430;101544;308.7;1850;10239456163;S
20240430;101544;308.7;20;10239456164;S
20240430;101544;308.7;20;10239456165;S
20240430;101544;308.7;440;10239456166;S
20240430;101544;308.7;150;10239456167;S
20240430;101544;308.7;3180;10239456168;S
20240430;101544;308.7;610;10239456169;S
20240430;101544;308.7;1520;10239456170;S
20240430;101546;308.71;1000;10239456437;B
20240430;101546;308.71;40;10239456438;B
20240430;101549;308.71;30;10239456776;B
20240430;101549;308.71;20;10239456835;B
20240430;101550;308.7;40;10239456859;S
20240430;101550;308.68;100;10239456860;S
20240430;101550;308.68;100;10239456861;S
20240430;101550;308.68;20;10239456862;S
20240430;101550;308.68;10;10239456863;S
20240430;101550;308.67;10;10239456864;S
20240430;101550;308.67;320;10239456865;S
20240430;101550;308.67;600;10239456867;S
20240430;101550;308.67;80;10239456869;S
20240430;101550;308.66;100;10239456870;S
20240430;101550;308.66;20;10239456871;S
20240430;101550;308.66;80;10239456880;S
20240430;101550;308.66;10;10239456881;S
20240430;101550;308.66;10;10239456882;S
20240430;101550;308.66;10;10239456883;S
20240430;101550;308.65;10;10239456884;S
20240430;101550;308.64;10;10239456885;S
20240430;101550;308.64;470;10239456886;S
20240430;101550;308.64;160;10239456939;S
20240430;101551;308.64;300;10239456998;S
20240430;101553;308.64;10;10239457188;B
20240430;101555;308.63;30;10239457375;S
20240430;101555;308.65;10;10239457434;B
20240430;101555;308.63;20;10239457440;S
20240430;101555;308.62;50;10239457441;S
20240430;101555;308.61;880;10239457442;S
20240430;101557;308.64;10;10239457589;B
20240430;101603;308.64;10;10239458332;B
20240430;101603;308.66;90;10239458333;B
20240430;101603;308.66;10;10239458493;S
20240430;101604;308.68;10;10239458522;B
20240430;101604;308.73;90;10239458523;B
20240430;101607;308.66;100;10239458865;S
20240430;101607;308.65;400;10239458866;S
20240430;101607;308.64;1500;10239458867;S
20240430;101615;308.73;120;10239459758;B
20240430;101617;308.72;250;10239459971;B
20240430;101624;308.7;950;10239460906;S
20240430;101626;308.69;200;10239461088;S
20240430;101641;308.7;230;10239463154;S
20240430;101641;308.7;870;10239463155;S
20240430;101641;308.68;240;10239463156;S
20240430;101641;308.68;400;10239463157;S
20240430;101641;308.66;260;10239463158;S
20240430;101643;308.7;50;10239463509;B
20240430;101644;308.7;10;10239463578;B
20240430;101646;308.7;30;10239463854;B
20240430;101655;308.68;10;10239464967;S
20240430;101655;308.68;50;10239464968;S
20240430;101708;308.68;150;10239466467;S
20240430;101708;308.66;100;10239466585;S
20240430;101709;308.67;10;10239466622;B
20240430;101709;308.66;140;10239466628;S
20240430;101711;308.65;10;10239466807;S
20240430;101712;308.64;30;10239466898;S
20240430;101712;308.64;70;10239466899;S
20240430;101712;308.64;380;10239466984;S
20240430;101713;308.64;70;10239467015;S
20240430;101717;308.65;10;10239467333;B
20240430;101719;308.65;10;10239467468;B
20240430;101721;308.65;60;10239467673;B
20240430;101723;308.64;10;10239467872;S
20240430;101724;308.64;20;10239467978;S
20240430;101728;308.65;100;10239468298;B
20240430;101729;308.65;20;10239468438;B
20240430;101730;308.64;10;10239468472;S
20240430;101731;308.65;10;10239468633;B
20240430;101733;308.64;1070;10239468812;S
20240430;101733;308.64;110;10239468813;S
20240430;101733;308.61;50;10239468814;S
20240430;101733;308.61;10;10239468815;S
20240430;101733;308.6;500;10239468816;S
20240430;101733;308.6;250;10239468817;S
20240430;101733;308.6;390;10239468818;S
20240430;101733;308.6;10;10239468819;S
20240430;101733;308.6;500;10239468820;S
20240430;101733;308.6;100;10239468821;S
20240430;101733;308.6;10;10239468822;S
20240430;101733;308.6;100;10239468823;S
20240430;101733;308.59;3000;10239468824;S
20240430;101733;308.59;400;10239468825;S
20240430;101733;308.57;50;10239468826;S
20240430;101733;308.57;440;10239468827;S
20240430;101733;308.57;10;10239468828;S
20240430;101733;308.57;870;10239468829;S
20240430;101733;308.56;10;10239468830;S
20240430;101733;308.56;440;10239468831;S
20240430;101733;308.56;10;10239468832;S
20240430;101733;308.56;100;10239468833;S
20240430;101733;308.56;500;10239468834;S
20240430;101733;308.56;10;10239468835;S
20240430;101733;308.55;10;10239468836;S
20240430;101733;308.55;1000;10239468837;S
20240430;101733;308.55;500;10239468838;S
20240430;101733;308.55;440;10239468839;S
20240430;101733;308.55;2000;10239468840;S
20240430;101733;308.55;10;10239468841;S
20240430;101733;308.55;2000;10239468842;S
20240430;101733;308.54;2500;10239468843;S
20240430;101733;308.54;310;10239468844;S
20240430;101733;308.54;440;10239468845;S
20240430;101733;308.54;10;10239468846;S
20240430;101733;308.54;800;10239468847;S
20240430;101733;308.53;10;10239468848;S
20240430;101733;308.53;440;10239468849;S
20240430;101733;308.53;10;10239468850;S
20240430;101733;308.53;8000;10239468851;S
20240430;101733;308.53;610;10239468852;S
20240430;101733;308.53;2970;10239468853;S
20240430;101733;308.52;20;10239468854;S
20240430;101733;308.52;8000;10239468855;S
20240430;101733;308.52;10;10239468856;S
20240430;101733;308.52;440;10239468857;S
20240430;101733;308.52;800;10239468858;S
20240430;101733;308.52;8000;10239468859;S
20240430;101733;308.51;770;10239468860;S
20240430;101733;308.51;10;10239468861;S
20240430;101733;308.51;30;10239468862;S
20240430;101733;308.51;30;10239468863;S
20240430;101733;308.51;70;10239468864;S
20240430;101733;308.51;500;10239468865;S
20240430;101733;308.51;500;10239468866;S
20240430;101733;308.51;10;10239468867;S
20240430;101733;308.51;440;10239468868;S
20240430;101733;308.5;10;10239468869;S
20240430;101733;308.5;50;10239468870;S
20240430;101733;308.5;30;10239468871;S
20240430;101733;308.5;100;10239468872;S
20240430;101733;308.5;100;10239468873;S
20240430;101733;308.5;50;10239468874;S
20240430;101733;308.5;200;10239468875;S
20240430;101733;308.5;10000;10239468876;S
20240430;101733;308.5;10000;10239468877;S
20240430;101733;308.5;10;10239468878;S
20240430;101733;308.5;10;10239468879;S
20240430;101733;308.5;10;10239468880;S
20240430;101733;308.5;10;10239468881;S
20240430;101733;308.5;160;10239468882;S
20240430;101733;308.5;300;10239468883;S
20240430;101733;308.5;10;10239468884;S
20240430;101733;308.5;10;10239468885;S
20240430;101733;308.5;20;10239468886;S
20240430;101733;308.5;50;10239468887;S
20240430;101733;308.5;160;10239468888;S
20240430;101733;308.5;3000;10239468889;S
20240430;101733;308.5;10;10239468890;S
20240430;101733;308.5;100;10239468891;S
20240430;101733;308.5;10;10239468892;S
20240430;101733;308.5;50;10239468893;S
20240430;101733;308.5;100;10239468894;S
20240430;101733;308.5;30;10239468895;S
20240430;101733;308.5;100;10239468896;S
20240430;101733;308.5;10;10239468897;S
20240430;101733;308.5;50;10239468898;S
20240430;101733;308.5;10;10239468899;S
20240430;101733;308.5;10;10239468900;S
20240430;101733;308.5;10;10239468901;S
20240430;101733;308.5;200;10239468902;S
20240430;101733;308.5;100;10239468903;S
20240430;101733;308.5;30;10239468904;S
20240430;101733;308.5;210;10239468905;S
20240430;101733;308.5;20;10239468906;S
20240430;101733;308.5;6000;10239468907;S
20240430;101733;308.5;440;10239468908;S
20240430;101733;308.5;40;10239468909;S
20240430;101733;308.5;600;10239468910;S
20240430;101733;308.5;20;10239468911;S
20240430;101733;308.5;20;10239468912;S
20240430;101733;308.5;8000;10239468913;S
20240430;101733;308.5;8000;10239468914;S
20240430;101733;308.49;100;10239468915;S
20240430;101733;308.49;440;10239468916;S
20240430;101733;308.48;10;10239468917;S
20240430;101733;308.48;440;10239468918;S
20240430;101733;308.48;2000;10239468919;S
20240430;101733;308.47;40;10239468920;S
20240430;101733;308.47;10;10239468921;S
20240430;101733;308.46;40;10239468922;S
20240430;101733;308.46;2000;10239468923;S
20240430;101733;308.46;2000;10239468924;S
20240430;101733;308.46;10;10239468925;S
20240430;101733;308.46;1000;10239468926;S
20240430;101733;308.46;1000;10239468927;S
20240430;101733;308.45;1000;10239468928;S
20240430;101733;308.45;100;10239468929;S
20240430;101733;308.45;100;10239468930;S
20240430;101733;308.45;50;10239468931;S
20240430;101733;308.45;40570;10239468932;S
20240430;101734;308.45;1700;10239468987;S
20240430;101734;308.45;20;10239468990;S
20240430;101734;308.46;400;10239468993;B
20240430;101734;308.46;430;10239468994;B
20240430;101734;308.46;10;10239469165;B
20240430;101740;308.46;440;10239469661;B
20240430;101740;308.46;440;10239469662;B
20240430;101740;308.46;800;10239469663;B
20240430;101740;308.46;330;10239469664;B
20240430;101740;308.46;980;10239469665;B
20240430;101740;308.46;200;10239469666;B
20240430;101740;308.46;400;10239469667;B
20240430;101740;308.47;440;10239469668;B
20240430;101740;308.47;500;10239469669;B
20240430;101740;308.48;440;10239469670;B
20240430;101740;308.48;570;10239469671;B
20240430;101740;308.49;440;10239469672;B
20240430;101740;308.49;4020;10239469673;B
20240430;101741;308.46;440;10239469700;B
20240430;101741;308.46;800;10239469701;B
20240430;101741;308.46;60;10239469702;B
20240430;101741;308.47;440;10239469703;B
20240430;101741;308.47;210;10239469704;B
20240430;101741;308.48;440;10239469705;B
20240430;101741;308.48;500;10239469706;B
20240430;101741;308.48;980;10239469707;B
20240430;101741;308.49;630;10239469708;B
20240430;101742;308.46;800;10239469817;B
20240430;101742;308.47;510;10239469834;S
20240430;101742;308.47;290;10239469835;S
20240430;101748;308.48;50;10239470518;B
20240430;101748;308.48;10;10239470544;B
20240430;101748;308.47;10;10239470552;S
20240430;101749;308.47;80;10239470675;B
20240430;101749;308.48;30;10239470676;B
20240430;101750;308.48;350;10239470717;B
20240430;101750;308.49;210;10239470764;B
20240430;101757;308.49;10;10239471411;B
20240430;101758;308.48;200;10239471503;S
20240430;101800;308.49;30;10239471648;B
20240430;101800;308.49;1000;10239471683;B
20240430;101803;308.48;100;10239471974;S
20240430;101804;308.49;10;10239472053;B
20240430;101804;308.49;600;10239472086;B
20240430;101804;308.49;200;10239472087;B
20240430;101804;308.49;500;10239472088;B
20240430;101804;308.49;400;10239472089;B
20240430;101804;308.49;1000;10239472090;B
20240430;101804;308.49;200;10239472091;B
20240430;101804;308.49;100;10239472092;B
20240430;101804;308.49;100;10239472093;B
20240430;101804;308.49;1200;10239472094;B
20240430;101804;308.49;1000;10239472095;B
20240430;101804;308.49;1000;10239472096;B
20240430;101804;308.49;800;10239472097;B
20240430;101804;308.49;200;10239472098;B
20240430;101804;308.49;2000;10239472099;B
20240430;101804;308.49;400;10239472100;B
20240430;101804;308.49;100;10239472101;B
20240430;101804;308.49;500;10239472102;B
20240430;101804;308.49;1000;10239472103;B
20240430;101804;308.49;200;10239472104;B
20240430;101804;308.49;500;10239472105;B
20240430;101804;308.49;200;10239472106;B
20240430;101804;308.49;500;10239472107;B
20240430;101804;308.49;1000;10239472108;B
20240430;101804;308.49;200;10239472110;B
20240430;101804;308.49;190;10239472111;B
20240430;101804;308.49;310;10239472112;B
20240430;101804;308.49;200;10239472113;B
20240430;101804;308.49;290;10239472114;B
20240430;101804;308.49;710;10239472115;B
20240430;101804;308.49;200;10239472116;B
20240430;101804;308.49;500;10239472117;B
20240430;101804;308.49;200;10239472118;B
20240430;101804;308.49;1000;10239472119;B
20240430;101804;308.49;200;10239472120;B
20240430;101804;308.49;500;10239472121;B
20240430;101804;308.49;960;10239472123;B
20240430;101805;308.5;10;10239472231;S
20240430;101806;308.51;200;10239472367;B
20240430;101806;308.51;2000;10239472368;B
20240430;101806;308.51;200;10239472369;B
20240430;101806;308.51;1000;10239472370;B
20240430;101806;308.54;60;10239472371;B
20240430;101806;308.54;10;10239472372;B
20240430;101806;308.59;440;10239472373;B
20240430;101806;308.6;10;10239472374;B
20240430;101806;308.6;440;10239472375;B
20240430;101806;308.6;250;10239472376;B
20240430;101806;308.6;300;10239472377;B
20240430;101806;308.6;30;10239472378;B
20240430;101806;308.6;200;10239472379;B
20240430;101806;308.6;220;10239472380;B
20240430;101806;308.6;440;10239472381;B
20240430;101806;308.61;100;10239472382;B
20240430;101806;308.61;100;10239472383;B
20240430;101806;308.61;100;10239472384;B
20240430;101806;308.61;100;10239472385;B
20240430;101806;308.61;400;10239472386;B
20240430;101806;308.62;1000;10239472387;B
20240430;101806;308.63;1490;10239472388;B
20240430;101806;308.63;200;10239472389;B
20240430;101807;308.62;1000;10239472423;B
20240430;101807;308.62;340;10239472424;B
20240430;101807;308.62;660;10239472425;B
20240430;101808;308.63;340;10239472511;B
20240430;101809;308.62;140;10239472603;S
20240430;101815;308.62;10;10239473189;S
20240430;101819;308.63;660;10239473675;B
20240430;101819;308.63;2440;10239473676;B
20240430;101819;308.62;550;10239473677;S
20240430;101819;308.62;80;10239473678;S
20240430;101819;308.62;10;10239473679;S
20240430;101820;308.61;200;10239473772;B
20240430;101820;308.62;1990;10239473773;B
20240430;101820;308.6;10;10239473780;S
20240430;101822;308.63;10;10239473990;B
20240430;101822;308.63;10;10239473991;B
20240430;101822;308.63;30;10239473992;B
20240430;101826;308.65;10;10239474296;B
20240430;101856;308.68;20;10239477277;B
20240430;101856;308.7;30;10239477278;B
20240430;101856;308.7;40;10239477279;B
20240430;101856;308.7;160;10239477280;S
20240430;101856;308.71;40;10239477281;B
20240430;101856;308.71;40;10239477282;B
20240430;101856;308.71;40;10239477283;B
20240430;101856;308.71;40;10239477284;B
20240430;101856;308.71;40;10239477285;B
20240430;101857;308.71;40;10239477305;B
20240430;101858;308.71;10;10239477436;S
20240430;101858;308.71;60;10239477467;B
20240430;101900;308.7;10;10239477648;S
20240430;101901;308.7;800;10239477719;S
20240430;101901;308.71;30;10239477748;B
20240430;101903;308.7;90;10239477877;S
20240430;101909;308.72;2000;10239478381;B
20240430;101913;308.72;220;10239479104;S
20240430;101918;308.73;10;10239480106;B
20240430;101919;308.73;10;10239480210;B
20240430;101919;308.73;10;10239480256;B
20240430;101921;308.72;20;10239480443;S
20240430;101922;308.72;10;10239480511;S
20240430;101922;308.73;200;10239480516;B
20240430;101924;308.72;30;10239480695;S
20240430;101925;308.72;700;10239480781;S
20240430;101925;308.73;220;10239480840;B
20240430;101926;308.72;100;10239480924;S
20240430;101928;308.72;1920;10239481078;S
20240430;101928;308.72;300;10239481079;S
20240430;101928;308.73;100;10239481112;B
20240430;101930;308.72;40;10239481246;S
20240430;101934;308.73;10;10239481688;B
20240430;101946;308.75;10;10239483053;B
20240430;101946;308.75;30;10239483054;B
20240430;101946;308.75;100;10239483122;B
20240430;101947;308.74;10;10239483158;S
20240430;102000;308.75;100;10239484254;B
20240430;102001;308.75;20;10239484279;B
20240430;102002;308.74;10;10239484377;S
20240430;102005;308.75;10;10239484718;B
20240430;102007;308.75;320;10239484880;B
20240430;102009;308.74;40;10239485147;S
20240430;102011;308.75;10;10239485218;B
20240430;102011;308.74;150;10239485243;S
20240430;102012;308.75;10;10239485316;B
20240430;102012;308.74;10;10239485333;S
20240430;102012;308.75;100;10239485350;B
20240430;102012;308.75;100;10239485351;B
20240430;102013;308.74;20;10239485384;S
20240430;102015;308.74;310;10239485638;S
20240430;102015;308.74;10;10239485653;S
20240430;102019;308.75;110;10239488028;B
20240430;102020;308.74;20;10239488091;S
20240430;102020;308.74;10;10239488988;S
20240430;102021;308.74;10;10239490148;S
20240430;102026;308.74;70;10239491848;S
20240430;102027;308.75;580;10239492780;B
20240430;102027;308.75;440;10239492781;B
20240430;102027;308.75;510;10239492782;B
20240430;102027;308.75;980;10239492783;B
20240430;102027;308.75;400;10239492784;B
20240430;102027;308.75;870;10239492785;B
20240430;102027;308.75;2970;10239492786;B
20240430;102027;308.76;3000;10239492787;B
20240430;102027;308.76;20;10239492788;B
20240430;102027;308.76;50;10239492789;B
20240430;102027;308.76;440;10239492790;B
20240430;102027;308.76;500;10239492791;B
20240430;102027;308.76;610;10239492792;B
20240430;102027;308.77;30;10239492793;B
20240430;102027;308.77;440;10239492794;B
20240430;102027;308.78;440;10239492795;B
20240430;102027;308.78;40;10239492796;B
20240430;102027;308.78;50;10239492797;B
20240430;102027;308.78;880;10239492798;B
20240430;102027;308.79;440;10239492799;B
20240430;102027;308.79;8000;10239492800;B
20240430;102027;308.79;50;10239492801;B
20240430;102027;308.8;440;10239492802;B
20240430;102027;308.8;50;10239492803;B
20240430;102027;308.8;800;10239492804;B
20240430;102027;308.8;60;10239492805;B
20240430;102027;308.81;3000;10239492806;B
20240430;102027;308.81;440;10239492807;B
20240430;102027;308.81;50;10239492808;B
20240430;102027;308.81;70;10239492809;B
20240430;102027;308.81;2000;10239492810;B
20240430;102027;308.82;440;10239492811;B
20240430;102027;308.82;8000;10239492812;B
20240430;102027;308.82;80;10239492813;B
20240430;102027;308.82;2000;10239492814;B
20240430;102027;308.83;440;10239492815;B
20240430;102027;308.83;330;10239492816;B
20240430;102027;308.84;8000;10239492817;B
20240430;102027;308.84;8000;10239492818;B
20240430;102027;308.84;440;10239492819;B
20240430;102027;308.84;2000;10239492820;B
20240430;102027;308.85;100;10239492825;B
20240430;102027;308.85;80;10239492826;B
20240430;102028;308.84;20;10239493363;S
20240430;102032;308.85;50;10239494394;B
20240430;102032;308.86;200;10239494478;B
20240430;102032;308.86;300;10239494487;B
20240430;102032;308.86;200;10239494568;B
20240430;102032;308.86;100;10239494573;B
20240430;102032;308.86;200;10239494576;B
20240430;102032;308.86;70;10239494579;B
20240430;102032;308.86;20;10239494580;B
20240430;102032;308.86;10;10239494581;B
20240430;102032;308.86;10;10239494657;B
20240430;102032;308.86;290;10239494658;B
20240430;102032;308.86;100;10239494660;B
20240430;102032;308.86;500;10239494664;B
20240430;102032;308.86;200;10239494737;B
20240430;102032;308.86;200;10239494743;B
20240430;102032;308.86;200;10239494747;B
20240430;102032;308.86;100;10239495017;B
20240430;102032;308.86;100;10239495018;B
20240430;102032;308.86;100;10239495019;B
20240430;102032;308.86;100;10239495020;B
20240430;102032;308.86;100;10239495023;B
20240430;102032;308.86;10;10239495036;B
20240430;102032;308.88;20;10239495049;B
20240430;102032;308.88;50;10239495050;B
20240430;102032;308.9;100;10239495051;B
20240430;102032;308.9;100;10239495052;B
20240430;102032;308.9;200;10239495053;B
20240430;102032;308.9;100;10239495054;B
20240430;102032;308.9;200;10239495055;B
20240430;102032;308.89;60;10239495056;S
20240430;102032;308.9;100;10239495072;B
20240430;102032;308.9;100;10239495073;B
20240430;102033;308.9;40;10239495077;B
20240430;102033;308.9;60;10239495078;B
20240430;102033;308.9;200;10239495152;B
20240430;102035;308.89;20;10239495251;S
20240430;102038;308.9;100;10239495572;B
20240430;102038;308.9;100;10239495573;B
20240430;102038;308.9;100;10239495574;B
20240430;102038;308.9;100;10239495575;B
20240430;102038;308.9;100;10239495576;B
20240430;102038;308.9;130;10239495610;B
20240430;102040;308.89;20;10239496228;S
20240430;102040;308.89;10;10239496266;S
20240430;102042;308.9;10;10239497442;B
20240430;102043;308.9;10;10239497520;B
20240430;102046;308.9;90;10239498212;B
20240430;102046;308.9;110;10239498213;B
20240430;102048;308.9;10;10239500496;S
20240430;102049;308.91;10;10239500503;B
20240430;102050;308.91;400;10239500586;B
20240430;102050;308.91;100;10239500587;B
20240430;102050;308.91;50;10239500588;B
20240430;102050;308.91;2970;10239500589;B
20240430;102050;308.92;1420;10239500590;B
20240430;102050;308.92;100;10239500591;B
20240430;102050;308.92;400;10239500592;B
20240430;102050;308.92;6600;10239500593;B
20240430;102050;308.92;610;10239500594;B
20240430;102051;308.92;50;10239500760;B
20240430;102052;308.91;80;10239501590;S
20240430;102053;308.91;20;10239501678;S
20240430;102056;308.92;10;10239502052;B
20240430;102059;308.91;10;10239503830;S
20240430;102100;308.92;120;10239504204;B
20240430;102102;308.92;10;10239504310;B
20240430;102102;308.91;20;10239504391;S
20240430;102103;308.92;10;10239504734;B
20240430;102106;308.92;200;10239504954;B
20240430;102106;308.92;10;10239504955;B
20240430;102117;308.92;20;10239507807;B
20240430;102117;308.92;580;10239507840;B
20240430;102117;308.92;10;10239507841;B
20240430;102117;308.92;1000;10239507842;B
20240430;102117;308.92;290;10239507843;B
20240430;102117;308.92;2970;10239507844;B
20240430;102117;308.92;1600;10239507845;B
20240430;102117;308.92;2500;10239507846;B
20240430;102117;308.92;400;10239507847;B
20240430;102117;308.92;510;10239507848;B
20240430;102117;308.92;740;10239507849;B
20240430;102120;308.91;80;10239509531;S
20240430;102123;308.91;20;10239510741;S
20240430;102123;308.91;630;10239510742;S
20240430;102124;308.91;30;10239510799;S
20240430;102125;308.91;30;10239510896;S
20240430;102125;308.91;20;10239510897;S
20240430;102125;308.91;30;10239510898;S
20240430;102125;308.91;30;10239510899;S
20240430;102125;308.91;340;10239510900;S
20240430;102126;308.91;110;10239510987;S
20240430;102130;308.92;10;10239511596;B
20240430;102131;308.91;140;10239511753;S
20240430;102131;308.91;10;10239511754;S
20240430;102131;308.91;10;10239511755;S
20240430;102131;308.91;170;10239511756;S
20240430;102131;308.9;480;10239511757;S
20240430;102131;308.9;10;10239511758;S
20240430;102132;308.89;10;10239512919;B
20240430;102133;308.89;100;10239512990;B
20240430;102135;308.88;20;10239513139;S
20240430;102135;308.89;110;10239513178;B
20240430;102136;308.89;10;10239513332;B
20240430;102136;308.88;10;10239513333;S
20240430;102138;308.89;20;10239515285;B
20240430;102139;308.89;10;10239515416;B
20240430;102140;308.88;200;10239515630;S
20240430;102140;308.88;70;10239515631;S
20240430;102142;308.88;10;10239515833;S
20240430;102151;308.88;120;10239519642;S
20240430;102151;308.88;10;10239519643;S
20240430;102151;308.88;10;10239519644;S
20240430;102151;308.87;210;10239519645;S
20240430;102154;308.86;20;10239520008;S
20240430;102201;308.86;70;10239521801;S
20240430;102201;308.86;100;10239521802;S
20240430;102201;308.86;100;10239521803;S
20240430;102201;308.86;100;10239521804;S
20240430;102201;308.86;20;10239521805;S
20240430;102201;308.86;240;10239521806;S
20240430;102203;308.85;30;10239523319;S
20240430;102205;308.86;10;10239523450;B
20240430;102219;308.86;10;10239528052;B
20240430;102233;308.85;20;10239532332;S
20240430;102233;308.85;80;10239532333;S
20240430;102234;308.85;10;10239532687;S
20240430;102235;308.85;10;10239532736;S
20240430;102237;308.86;10;10239532912;B
20240430;102241;308.86;10;10239534633;B
20240430;102242;308.86;10;10239535315;B
20240430;102243;308.86;30;10239535431;B
20240430;102243;308.85;20;10239535439;S
20240430;102245;308.85;10;10239535627;S
20240430;102248;308.85;70;10239537034;S
20240430;102248;308.85;30;10239537035;S
20240430;102249;308.86;10;10239537090;B
20240430;102249;308.85;70;10239537116;S
20240430;102249;308.85;100;10239537117;S
20240430;102249;308.85;20;10239537118;S
20240430;102249;308.85;100;10239537119;S
20240430;102249;308.85;10;10239537120;S
20240430;102249;308.85;10;10239537121;S
20240430;102249;308.84;10;10239537122;S
20240430;102249;308.84;380;10239537123;S
20240430;102251;308.84;40;10239537354;S
20240430;102305;308.85;610;10239541583;B
20240430;102305;308.86;420;10239541584;B
20240430;102305;308.86;410;10239541585;B
20240430;102305;308.86;520;10239541586;B
20240430;102305;308.86;10;10239541592;B
20240430;102305;308.85;40;10239541593;S
20240430;102308;308.85;10;10239542644;S
20240430;102316;308.86;330;10239544764;B
20240430;102319;308.85;10;10239546342;S
20240430;102319;308.85;20;10239546343;S
20240430;102325;308.85;1000;10239547536;S
20240430;102326;308.86;100;10239548328;B
20240430;102328;308.85;120;10239548509;S
20240430;102328;308.85;1000;10239548540;S
20240430;102329;308.84;10;10239548568;S
20240430;102330;308.84;70;10239548883;S
20240430;102330;308.84;30;10239548884;S
20240430;102333;308.85;120;10239551032;B
20240430;102334;308.84;10;10239551138;S
20240430;102345;308.85;30;10239553427;B
20240430;102351;308.84;100;10239555370;S
20240430;102353;308.84;10;10239555597;S
20240430;102403;308.85;10;10239558433;B
20240430;102404;308.84;20;10239558768;S
20240430;102406;308.84;10;10239559341;S
20240430;102409;308.84;200;10239560197;S
20240430;102410;308.84;20;10239560303;S
20240430;102412;308.85;30;10239561393;B
20240430;102414;308.84;150;10239561518;S
20240430;102417;308.84;20;10239561908;S
20240430;102420;308.84;30;10239564210;S
20240430;102422;308.84;50;10239565001;S
20240430;102422;308.84;10;10239565002;S
20240430;102422;308.84;10;10239565003;S
20240430;102422;308.82;730;10239565004;S
20240430;102423;308.81;10;10239565148;B
20240430;102424;308.8;20;10239565540;S
20240430;102424;308.8;50;10239565541;S
20240430;102424;308.8;10;10239565542;S
20240430;102424;308.8;10;10239565554;B
20240430;102424;308.8;120;10239565555;B
20240430;102424;308.8;20;10239565556;B
20240430;102425;308.82;10;10239565628;B
20240430;102430;308.81;10;10239567299;S
20240430;102433;308.81;140;10239567623;S
20240430;102433;308.81;10;10239567624;S
20240430;102433;308.79;290;10239567625;S
20240430;102433;308.78;40;10239567626;S
20240430;102433;308.78;520;10239567627;S
20240430;102433;308.8;140;10239567634;B
20240430;102433;308.8;10;10239567635;B
20240430;102433;308.8;140;10239567651;B
20240430;102434;308.8;140;10239567790;B
20240430;102434;308.8;140;10239567800;B
20240430;102434;308.8;140;10239568016;B
20240430;102434;308.81;140;10239568091;B
20240430;102434;308.81;140;10239568113;B
20240430;102434;308.81;120;10239568115;B
20240430;102435;308.81;150;10239569313;B
20240430;102436;308.8;50;10239569446;S
20240430;102440;308.8;200;10239570360;S
20240430;102443;308.81;60;10239570801;B
20240430;102443;308.81;20;10239570802;B
20240430;102443;308.8;20;10239570805;S
20240430;102443;308.81;10;10239570812;B
20240430;102446;308.81;20;10239571202;B
20240430;102446;308.81;20;10239571203;B
20240430;102448;308.81;10;10239572309;B
20240430;102449;308.81;580;10239572319;B
20240430;102450;308.82;10;10239573402;B
20240430;102451;308.81;70;10239573519;S
20240430;102500;308.82;90;10239576035;B
20240430;102500;308.82;610;10239576036;B
20240430;102501;308.82;10;10239576120;S
20240430;102502;308.81;60;10239576297;S
20240430;102507;308.82;100;10239577770;B
20240430;102508;308.81;20;10239577916;S
20240430;102512;308.82;940;10239578817;B
20240430;102512;308.82;500;10239578818;B
20240430;102514;308.82;380;10239578970;B
20240430;102514;308.82;500;10239578971;B
20240430;102514;308.82;50;10239578972;B
20240430;102514;308.83;270;10239578973;B
20240430;102514;308.81;270;10239579096;S
20240430;102514;308.81;50;10239579097;S
20240430;102514;308.81;10;10239579098;S
20240430;102514;308.81;30;10239579099;S
20240430;102514;308.81;20;10239579100;S
20240430;102514;308.8;10;10239579101;S
20240430;102514;308.8;110;10239579102;S
20240430;102517;308.81;40;10239579416;S
20240430;102520;308.83;340;10239580634;B
20240430;102520;308.83;500;10239580635;B
20240430;102520;308.84;160;10239580636;B
20240430;102523;308.8;440;10239580808;S
20240430;102523;308.8;10;10239580809;S
20240430;102523;308.79;510;10239580810;S
20240430;102523;308.79;330;10239580811;S
20240430;102523;308.79;980;10239580812;S
20240430;102523;308.79;400;10239580813;S
20240430;102523;308.78;800;10239580814;S
20240430;102523;308.78;880;10239580815;S
20240430;102523;308.77;8000;10239580816;S
20240430;102523;308.77;10;10239580817;S
20240430;102523;308.77;2000;10239580818;S
20240430;102523;308.76;440;10239580819;S
20240430;102523;308.75;10;10239580820;S
20240430;102523;308.75;440;10239580821;S
20240430;102523;308.74;10;10239580822;S
20240430;102523;308.74;100;10239580823;S
20240430;102523;308.74;440;10239580824;S
20240430;102523;308.74;2000;10239580825;S
20240430;102523;308.74;2000;10239580826;S
