<DATE>;<TIME>;<LAST>;<VOL>;<ID>;<OPER>
20240429;095931;309.14;10;10234276791;S
20240429;095931;309.14;10;10234276792;S
20240429;095931;309.14;10;10234276793;S
20240429;095931;309.14;60;10234276794;S
20240429;095931;309.14;30;10234276795;S
20240429;095931;309.14;30;10234276796;S
20240429;095931;309.14;20;10234276797;S
20240429;095931;309.14;150;10234276798;S
20240429;095931;309.14;1000;10234276799;S
20240429;095931;309.14;30;10234276800;S
20240429;095931;309.14;10;10234276801;S
20240429;095931;309.14;420;10234276802;B
20240429;095931;309.14;20;10234276803;S
20240429;095931;309.14;20;10234276804;S
20240429;095931;309.14;20;10234276805;S
20240429;095931;309.14;200;10234276806;S
20240429;095931;309.14;350;10234276807;S
20240429;095931;309.14;10;10234276808;S
20240429;095931;309.14;2000;10234276809;B
20240429;095931;309.14;1960;10234276810;B
20240429;095931;309.14;10;10234276811;B
20240429;095931;309.14;220;10234276812;B
20240429;095931;309.14;20;10234276813;B
20240429;095931;309.14;20;10234276814;B
20240429;095931;309.14;10;10234276815;B
20240429;095931;309.14;10;10234276816;B
20240429;095931;309.14;100;10234276817;B
20240429;095931;309.14;40;10234276818;B
20240429;095931;309.14;150;10234276819;B
20240429;095931;309.14;20;10234276820;B
20240429;095931;309.14;20;10234276821;B
20240429;095931;309.14;50;10234276822;B
20240429;095931;309.14;30;10234276823;B
20240429;095931;309.14;10;10234276824;B
20240429;095931;309.14;10;10234276825;B
20240429;095931;309.14;20;10234276826;B
20240429;095931;309.14;30;10234276827;B
20240429;095931;309.14;20;10234276828;B
20240429;095931;309.14;10;10234276829;B
20240429;095931;309.14;10;10234276830;B
20240429;095931;309.14;10;10234276831;B
20240429;095931;309.14;10;10234276832;B
20240429;095931;309.14;10;10234276833;B
20240429;095931;309.14;10;10234276834;B
20240429;095931;309.14;50;10234276835;S
20240429;095931;309.14;20;10234276836;S
20240429;095931;309.14;10;10234276837;B
20240429;095931;309.14;10;10234276838;B
20240429;095931;309.14;10;10234276839;B
20240429;095931;309.14;10;10234276840;B
20240429;095931;309.14;10;10234276841;B
20240429;095931;309.14;10;10234276842;B
20240429;095931;309.14;30;10234276843;B
20240429;095931;309.14;10;10234276844;B
20240429;095931;309.14;10;10234276845;B
20240429;095931;309.14;10;10234276846;B
20240429;095931;309.14;110;10234276847;B
20240429;095931;309.14;20;10234276848;B
20240429;095931;309.14;10;10234276849;B
20240429;095931;309.14;10;10234276850;B
20240429;095931;309.14;10;10234276851;B
20240429;095931;309.14;10;10234276852;B
20240429;095931;309.14;50;10234276853;B
20240429;095931;309.14;20;10234276854;B
20240429;095931;309.14;30;10234276855;B
20240429;095931;309.14;100;10234276856;B
20240429;095931;309.14;10;10234276857;B
20240429;095931;309.14;30;10234276858;B
20240429;095931;309.14;50;10234276859;B
20240429;095931;309.14;80;10234276860;B
20240429;095931;309.14;30;10234276861;B
20240429;095931;309.14;20;10234276862;B
20240429;095931;309.14;50;10234276863;B
20240429;095931;309.14;310;10234276864;B
20240429;095931;309.14;10;10234276865;B
20240429;095931;309.14;10;10234276866;B
20240429;095931;309.14;100;10234276867;B
20240429;095931;309.14;10;10234276868;B
20240429;095931;309.14;20;10234276869;B
20240429;095931;309.14;10;10234276870;B
20240429;095931;309.14;300;10234276871;B
20240429;095931;309.14;30;10234276872;B
20240429;095931;309.14;10;10234276873;B
20240429;095931;309.14;30;10234276874;B
20240429;095931;309.14;10;10234276875;B
20240429;095931;309.14;50;10234276876;S
20240429;095931;309.14;10;10234276877;S
20240429;095931;309.14;10;10234276878;S
20240429;095931;309.14;850;10234276879;B
20240429;095931;309.14;70;10234276880;B
20240429;095931;309.14;3500;10234276881;B
20240429;095931;309.14;240;10234276882;B
20240429;095931;309.14;60;10234276883;B
20240429;095931;309.14;10;10234276884;S
20240429;095931;309.14;10;10234276885;B
20240429;095931;309.14;770;10234276886;S
20240429;095931;309.14;10;10234276887;B
20240429;095931;309.14;30;10234276888;S
20240429;095931;309.14;20;10234276889;S
20240429;095931;309.14;10;10234276890;S
20240429;095931;309.14;20;10234276891;S
20240429;095931;309.14;60;10234276892;S
20240429;095931;309.14;1140;10234276893;B
20240429;095931;309.14;470;10234276894;B
20240429;095931;309.14;1610;10234276895;B
20240429;095931;309.14;1610;10234276896;B
20240429;095931;309.14;1310;10234276897;B
20240429;095931;309.14;20;10234276898;B
20240429;100000;309.13;200;10234283061;B
20240429;100000;309.13;670;10234283123;B
20240429;100000;309.14;200;10234283169;B
20240429;100000;309.14;80;10234283199;B
20240429;100000;309.14;120;10234283200;B
20240429;100000;309.14;100;10234283253;B
20240429;100000;309.13;190;10234283263;S
20240429;100000;309.13;110;10234283276;S
20240429;100000;309.13;10;10234283486;S
20240429;100000;309.14;10;10234283677;B
20240429;100000;309.14;10;10234283729;B
20240429;100001;309.14;630;10234283880;B
20240429;100001;309.14;10;10234283881;B
20240429;100001;309.14;330;10234283882;B
20240429;100001;309.15;1610;10234283883;B
20240429;100001;309.15;50;10234283884;B
20240429;100001;309.16;1110;10234283885;B
20240429;100001;309.16;500;10234283902;B
20240429;100001;309.17;200;10234283918;B
20240429;100001;309.17;400;10234283926;B
20240429;100001;309.17;100;10234283927;B
20240429;100001;309.17;910;10234283950;B
20240429;100001;309.18;430;10234283958;B
20240429;100001;309.18;1180;10234283970;B
20240429;100001;309.19;1150;10234284012;B
20240429;100001;309.19;200;10234284022;B
20240429;100001;309.18;10;10234284586;S
20240429;100001;309.19;260;10234284779;B
20240429;100001;309.2;510;10234284780;B
20240429;100001;309.2;550;10234284782;B
20240429;100001;309.2;550;10234284789;B
20240429;100001;309.2;10;10234284790;B
20240429;100001;309.2;240;10234284791;B
20240429;100001;309.21;10;10234284920;B
20240429;100001;309.2;20;10234285044;S
20240429;100002;309.21;80;10234285093;B
20240429;100002;309.21;200;10234285094;B
20240429;100002;309.21;10;10234285382;B
20240429;100002;309.21;360;10234285427;B
20240429;100002;309.21;360;10234285480;B
20240429;100002;309.2;100;10234285959;S
20240429;100002;309.21;590;10234285979;B
20240429;100002;309.22;210;10234285980;B
20240429;100003;309.22;220;10234286091;B
20240429;100003;309.22;300;10234286387;B
20240429;100004;309.22;70;10234286790;B
20240429;100004;309.22;70;10234286813;B
20240429;100004;309.22;740;10234286827;B
20240429;100004;309.23;460;10234286828;B
20240429;100004;309.23;1150;10234286859;B
20240429;100004;309.24;640;10234286860;B
20240429;100004;309.24;590;10234286874;B
20240429;100004;309.24;380;10234286876;B
20240429;100004;309.25;100;10234286884;B
20240429;100004;309.25;10;10234286949;B
20240429;100005;309.25;900;10234287477;B
20240429;100005;309.25;10;10234287510;B
20240429;100005;309.25;10;10234287513;B
20240429;100005;309.25;10;10234287531;B
20240429;100005;309.25;10;10234287534;B
20240429;100005;309.25;560;10234287559;B
20240429;100005;309.25;50;10234287693;S
20240429;100005;309.26;10;10234287899;B
20240429;100005;309.25;10;10234288229;S
20240429;100005;309.25;70;10234288230;S
20240429;100005;309.24;10;10234288264;S
20240429;100005;309.26;10;10234288397;B
20240429;100005;309.25;30;10234288401;S
20240429;100005;309.26;10;10234288508;B
20240429;100005;309.26;50;10234288517;B
20240429;100005;309.25;10;10234288519;S
20240429;100005;309.23;10;10234288527;S
20240429;100005;309.26;210;10234288992;B
20240429;100005;309.26;140;10234288997;B
20240429;100005;309.26;40;10234289002;B
20240429;100005;309.26;10;10234289006;B
20240429;100005;309.25;70;10234289009;S
20240429;100005;309.26;10;10234289015;B
20240429;100005;309.26;30;10234289021;B
20240429;100005;309.26;10;10234289030;B
20240429;100005;309.26;10;10234289042;B
20240429;100005;309.26;10;10234289043;B
20240429;100006;309.26;10;10234289446;B
20240429;100006;309.26;20;10234289615;B
20240429;100006;309.26;10;10234289618;B
20240429;100006;309.26;10;10234289639;B
20240429;100006;309.26;10;10234289653;B
20240429;100006;309.25;10;10234289663;S
20240429;100006;309.25;10;10234289767;S
20240429;100006;309.25;10;10234289792;S
20240429;100006;309.26;10;10234289793;B
20240429;100006;309.25;40;10234289794;S
20240429;100006;309.25;10;10234289795;S
20240429;100006;309.26;10;10234289796;B
20240429;100006;309.26;10;10234289797;B
20240429;100006;309.26;10;10234289799;B
20240429;100006;309.25;10;10234289801;S
20240429;100006;309.26;960;10234289965;B
20240429;100006;309.27;40;10234289966;B
20240429;100006;309.26;10;10234290402;S
20240429;100006;309.27;1200;10234290588;B
20240429;100006;309.27;10;10234290664;B
20240429;100006;309.26;10;10234290668;S
20240429;100006;309.27;10;10234290674;B
20240429;100006;309.26;20;10234290690;S
20240429;100006;309.26;10;10234290695;S
20240429;100006;309.27;20;10234290886;B
20240429;100006;309.27;70;10234290901;B
20240429;100006;309.27;10;10234290916;B
20240429;100006;309.27;30;10234290920;B
20240429;100006;309.27;10;10234290922;B
20240429;100006;309.27;30;10234290926;B
20240429;100006;309.27;10;10234291665;B
20240429;100006;309.27;10;10234291668;B
20240429;100006;309.26;30;10234291674;S
20240429;100006;309.26;10;10234291675;S
20240429;100006;309.26;10;10234291677;S
20240429;100006;309.26;100;10234291678;S
20240429;100006;309.27;10;10234291682;B
20240429;100006;309.26;10;10234291683;S
20240429;100006;309.27;60;10234291686;B
20240429;100006;309.27;20;10234291687;B
20240429;100007;309.27;10;10234291710;B
20240429;100007;309.26;50;10234291713;S
20240429;100007;309.27;10;10234291899;B
20240429;100007;309.27;10;10234291907;B
20240429;100007;309.26;10;10234291910;S
20240429;100007;309.26;20;10234291913;S
20240429;100007;309.26;10;10234292123;S
20240429;100007;309.26;10;10234292144;S
20240429;100007;309.27;10;10234292164;B
20240429;100007;309.27;10;10234292787;B
20240429;100007;309.27;20;10234292789;B
20240429;100007;309.28;10;10234292791;B
20240429;100007;309.28;10;10234292792;B
20240429;100007;309.27;20;10234292797;S
20240429;100007;309.28;10;10234292798;B
20240429;100007;309.28;10;10234292799;B
20240429;100007;309.27;20;10234292800;S
20240429;100007;309.27;10;10234292802;S
20240429;100007;309.28;10;10234292981;B
20240429;100007;309.27;10;10234292982;S
20240429;100007;309.28;20;10234292984;B
20240429;100007;309.28;30;10234292985;B
20240429;100007;309.28;10;10234292990;B
20240429;100007;309.28;10;10234292991;B
20240429;100007;309.27;10;10234292994;S
20240429;100007;309.28;20;10234293287;B
20240429;100007;309.28;10;10234293304;B
20240429;100007;309.28;20;10234293306;B
20240429;100007;309.27;10;10234293575;S
20240429;100007;309.27;190;10234293576;S
20240429;100007;309.28;10;10234293578;B
20240429;100007;309.28;10;10234293580;B
20240429;100007;309.28;10;10234293583;B
20240429;100007;309.28;10;10234293585;B
20240429;100007;309.28;10;10234293587;B
20240429;100007;309.28;10;10234293589;B
20240429;100007;309.28;10;10234293590;B
20240429;100007;309.28;10;10234293592;B
20240429;100007;309.27;10;10234293927;S
20240429;100007;309.28;100;10234293928;B
20240429;100007;309.27;160;10234293929;S
20240429;100007;309.27;340;10234293930;S
20240429;100007;309.27;10;10234293931;S
20240429;100007;309.28;80;10234293934;B
20240429;100007;309.27;10;10234293935;S
20240429;100007;309.28;710;10234294210;B
20240429;100007;309.28;10;10234294365;B
20240429;100007;309.28;10;10234294366;B
20240429;100008;309.28;10;10234294967;B
20240429;100008;309.28;30;10234294976;B
20240429;100008;309.28;20;10234294988;B
20240429;100008;309.28;10;10234295011;B
20240429;100008;309.27;10;10234295022;S
20240429;100008;309.27;500;10234295036;S
20240429;100008;309.27;440;10234295037;S
20240429;100008;309.27;190;10234295038;S
20240429;100008;309.27;80;10234295048;S
20240429;100008;309.28;10;10234295176;B
20240429;100008;309.28;10;10234295191;B
20240429;100008;309.28;30;10234295192;B
20240429;100008;309.28;10;10234295193;B
20240429;100008;309.28;10;10234295194;B
20240429;100008;309.27;10;10234295195;S
20240429;100008;309.28;10;10234295197;B
20240429;100008;309.27;10;10234295198;S
20240429;100008;309.27;10;10234295199;S
20240429;100008;309.27;100;10234295605;S
20240429;100008;309.28;10;10234296064;B
20240429;100008;309.27;40;10234296082;S
20240429;100008;309.28;10;10234296090;B
20240429;100008;309.28;10;10234296097;B
20240429;100008;309.27;10;10234296102;S
20240429;100009;309.28;20;10234296187;B
20240429;100009;309.27;110;10234296193;S
20240429;100009;309.28;10;10234296195;B
20240429;100009;309.28;10;10234296196;B
20240429;100009;309.28;10;10234296200;B
20240429;100009;309.28;10;10234296257;B
20240429;100009;309.27;20;10234296265;S
20240429;100009;309.28;20;10234296447;B
20240429;100009;309.28;10;10234296448;B
20240429;100009;309.28;20;10234296449;B
20240429;100009;309.28;10;10234296450;B
20240429;100009;309.28;10;10234296451;B
20240429;100009;309.28;10;10234296452;B
20240429;100009;309.27;10;10234296758;S
20240429;100009;309.28;10;10234296780;B
20240429;100010;309.28;60;10234297036;B
20240429;100010;309.28;60;10234297143;B
20240429;100010;309.29;170;10234297144;B
20240429;100010;309.29;10;10234297172;B
20240429;100010;309.29;30;10234297245;B
20240429;100010;309.29;10;10234297577;B
20240429;100010;309.28;10;10234297624;S
20240429;100010;309.29;130;10234297626;B
20240429;100010;309.29;50;10234297632;B
20240429;100010;309.28;100;10234297658;S
20240429;100011;309.29;100;10234297796;B
20240429;100011;309.29;1110;10234297814;B
20240429;100011;309.29;140;10234297815;B
20240429;100011;309.3;70;10234297816;B
20240429;100011;309.3;110;10234297923;B
20240429;100012;309.3;10;10234297979;B
20240429;100015;309.3;20;10234299873;B
20240429;100017;309.3;10;10234300482;B
20240429;100017;309.3;10;10234300669;B
20240429;100017;309.3;10;10234300670;B
20240429;100018;309.3;10;10234300829;B
20240429;100018;309.3;10;10234300835;B
20240429;100019;309.3;1350;10234301031;B
20240429;100019;309.3;3000;10234301032;B
20240429;100019;309.3;10;10234301033;B
20240429;100019;309.3;10;10234301034;B
20240429;100019;309.3;190;10234301035;B
20240429;100019;309.3;10;10234301036;B
20240429;100019;309.3;10;10234301037;B
20240429;100019;309.3;500;10234301038;B
20240429;100019;309.3;920;10234301039;B
20240429;100019;309.3;10;10234301071;B
20240429;100020;309.3;340;10234301417;B
20240429;100020;309.3;230;10234301429;B
20240429;100020;309.31;110;10234301430;B
20240429;100022;309.3;460;10234302097;S
20240429;100022;309.31;20;10234302244;B
20240429;100022;309.31;20;10234302258;B
20240429;100023;309.3;400;10234302396;S
20240429;100023;309.3;870;10234302397;S
20240429;100023;309.3;440;10234302398;S
20240429;100023;309.3;360;10234302399;S
20240429;100024;309.31;20;10234302607;B
20240429;100025;309.3;620;10234302874;S
20240429;100025;309.3;1140;10234302875;S
20240429;100025;309.3;3240;10234302876;S
20240429;100025;309.3;2580;10234302880;S
20240429;100025;309.3;880;10234302881;S
20240429;100025;309.3;400;10234302882;S
20240429;100025;309.3;440;10234302883;S
20240429;100025;309.29;440;10234302884;S
20240429;100025;309.29;2000;10234302885;S
20240429;100025;309.29;870;10234302886;S
20240429;100025;309.28;390;10234302887;S
20240429;100025;309.26;440;10234302893;S
20240429;100025;309.26;70;10234302918;B
20240429;100025;309.26;20;10234302944;B
20240429;100027;309.25;100;10234303650;S
20240429;100028;309.26;1000;10234303871;B
20240429;100029;309.26;10;10234304015;B
20240429;100029;309.26;10;10234304017;B
20240429;100029;309.26;300;10234304051;B
20240429;100029;309.26;100;10234304052;B
20240429;100030;309.26;150;10234304138;B
20240429;100030;309.26;440;10234304180;B
20240429;100030;309.26;80;10234304379;B
20240429;100030;309.26;70;10234304408;B
20240429;100031;309.26;10;10234304618;B
20240429;100031;309.26;5000;10234304707;B
20240429;100031;309.26;980;10234304710;S
20240429;100031;309.26;440;10234304711;S
20240429;100031;309.26;400;10234304712;S
20240429;100031;309.26;400;10234304716;S
20240429;100031;309.26;980;10234304717;S
20240429;100031;309.26;440;10234304718;S
20240429;100031;309.26;400;10234304719;S
20240429;100031;309.26;400;10234304720;S
20240429;100032;309.27;10;10234304822;B
20240429;100032;309.31;70;10234304893;B
20240429;100034;309.3;430;10234305510;B
20240429;100034;309.29;10;10234305670;S
20240429;100036;309.3;10;10234306001;B
20240429;100037;309.29;130;10234306405;S
20240429;100038;309.31;10;10234306505;B
20240429;100038;309.31;10;10234306712;B
20240429;100041;309.31;10;10234307329;B
20240429;100042;309.3;30;10234307659;B
20240429;100042;309.3;70;10234307694;B
20240429;100042;309.3;20;10234307808;B
20240429;100043;309.29;840;10234307876;S
20240429;100043;309.29;440;10234307877;S
20240429;100045;309.29;40;10234308683;B
20240429;100045;309.29;10;10234308722;S
20240429;100046;309.3;30;10234308784;B
20240429;100046;309.3;550;10234308852;B
20240429;100046;309.31;70;10234308854;B
20240429;100048;309.3;10;10234309175;S
20240429;100048;309.3;390;10234309186;S
20240429;100048;309.3;440;10234309187;S
20240429;100048;309.3;1400;10234309188;S
20240429;100048;309.3;270;10234309189;S
20240429;100048;309.31;1160;10234309359;B
20240429;100049;309.35;10;10234309473;B
20240429;100049;309.35;50;10234309644;S
20240429;100050;309.38;10;10234309862;B
20240429;100050;309.38;20;10234309872;B
20240429;100050;309.4;50;10234309873;B
20240429;100050;309.4;20;10234309874;B
20240429;100050;309.4;70;10234309875;B
20240429;100050;309.4;10;10234309876;B
20240429;100050;309.41;10;10234309880;B
20240429;100050;309.39;400;10234309883;S
20240429;100050;309.39;90;10234309884;S
20240429;100050;309.4;330;10234309892;B
20240429;100050;309.41;170;10234309893;B
20240429;100050;309.41;200;10234309943;B
20240429;100050;309.41;10;10234309947;B
20240429;100051;309.41;780;10234309960;B
20240429;100051;309.41;330;10234309961;B
20240429;100051;309.42;10;10234309962;B
20240429;100051;309.42;10;10234310066;B
20240429;100051;309.41;30;10234310123;S
20240429;100052;309.41;400;10234310206;B
20240429;100053;309.41;40;10234310450;B
20240429;100053;309.38;600;10234310479;S
20240429;100054;309.38;980;10234310933;S
20240429;100054;309.37;560;10234310934;S
20240429;100054;309.37;870;10234310935;S
20240429;100055;309.37;90;10234311144;B
20240429;100055;309.38;400;10234311145;B
20240429;100055;309.38;330;10234311146;B
20240429;100055;309.39;1580;10234311147;B
20240429;100056;309.36;10;10234311265;B
20240429;100056;309.32;80;10234311266;S
20240429;100056;309.34;100;10234311267;S
20240429;100056;309.34;200;10234311268;S
20240429;100056;309.35;400;10234311270;B
20240429;100056;309.36;40;10234311271;B
20240429;100056;309.36;310;10234311272;B
20240429;100056;309.35;10;10234311275;B
20240429;100056;309.37;110;10234311393;B
20240429;100057;309.35;10;10234311670;B
20240429;100058;309.35;20;10234311916;B
20240429;100058;309.32;10;10234312029;S
20240429;100058;309.35;170;10234312060;B
20240429;100059;309.32;30;10234312331;S
20240429;100100;309.35;50;10234312400;B
20240429;100100;309.36;20;10234312401;B
20240429;100100;309.36;400;10234312402;B
20240429;100100;309.36;90;10234312445;S
20240429;100100;309.37;10;10234312555;B
20240429;100100;309.37;20;10234312675;B
20240429;100101;309.37;30;10234312827;B
20240429;100101;309.39;10;10234312875;B
20240429;100101;309.4;10;10234312886;S
20240429;100101;309.39;30;10234312980;B
20240429;100101;309.39;30;10234313003;B
20240429;100102;309.39;770;10234313056;B
20240429;100102;309.39;300;10234313057;B
20240429;100102;309.39;750;10234313082;B
20240429;100102;309.39;400;10234313083;B
20240429;100102;309.4;980;10234313084;S
20240429;100102;309.4;90;10234313282;S
20240429;100103;309.43;290;10234313351;B
20240429;100103;309.43;200;10234313352;B
20240429;100103;309.43;200;10234313353;B
20240429;100105;309.37;400;10234313958;S
20240429;100105;309.37;100;10234314028;B
20240429;100105;309.34;100;10234314034;S
20240429;100106;309.37;10;10234314194;B
20240429;100108;309.37;100;10234314825;B
20240429;100108;309.36;400;10234314826;S
20240429;100108;309.37;10;10234314827;B
20240429;100109;309.37;640;10234314994;B
20240429;100109;309.37;200;10234315022;B
20240429;100110;309.36;1450;10234315113;S
20240429;100111;309.37;10;10234315286;B
20240429;100111;309.36;10;10234315384;S
20240429;100112;309.36;140;10234315477;S
20240429;100112;309.35;510;10234315478;S
20240429;100113;309.35;100;10234315677;B
20240429;100114;309.35;200;10234315852;B
20240429;100114;309.36;330;10234315853;B
20240429;100114;309.37;2530;10234315854;B
20240429;100114;309.37;1940;10234315855;B
20240429;100116;309.37;10;10234316287;B
20240429;100117;309.37;10;10234316836;B
20240429;100120;309.35;150;10234317433;S
20240429;100120;309.35;980;10234317438;S
20240429;100120;309.35;200;10234317492;B
20240429;100121;309.35;10;10234317649;B
20240429;100121;309.34;260;10234317712;S
20240429;100121;309.35;30;10234317735;B
20240429;100122;309.35;200;10234317943;B
20240429;100123;309.35;100;10234318366;B
20240429;100123;309.35;100;10234318367;B
20240429;100125;309.34;60;10234318815;S
20240429;100125;309.33;440;10234318816;S
20240429;100125;309.33;930;10234318817;S
20240429;100125;309.33;1100;10234318818;S
20240429;100125;309.32;30;10234318820;B
20240429;100125;309.31;260;10234318889;S
20240429;100126;309.32;10;10234318917;B
20240429;100126;309.31;40;10234319009;S
20240429;100127;309.31;160;10234319469;S
20240429;100128;309.3;10;10234319705;S
20240429;100128;309.3;160;10234319706;S
20240429;100131;309.31;10;10234320121;S
20240429;100131;309.31;70;10234320122;S
20240429;100132;309.3;30;10234320269;S
20240429;100132;309.29;440;10234320270;S
20240429;100132;309.27;440;10234320279;S
20240429;100132;309.26;1090;10234320280;S
20240429;100132;309.26;440;10234320281;S
20240429;100132;309.26;40;10234320282;S
20240429;100132;309.25;30;10234320283;S
20240429;100132;309.25;640;10234320284;S
20240429;100132;309.25;440;10234320285;S
20240429;100132;309.25;120;10234320286;S
20240429;100132;309.24;350;10234320287;S
20240429;100132;309.24;440;10234320289;B
20240429;100133;309.24;130;10234320429;B
20240429;100133;309.23;10;10234320506;B
20240429;100133;309.22;100;10234320509;S
20240429;100134;309.24;980;10234320574;B
20240429;100134;309.24;330;10234320575;B
20240429;100134;309.24;510;10234320576;B
20240429;100134;309.25;400;10234320577;B
20240429;100134;309.25;400;10234320578;B
20240429;100134;309.26;380;10234320579;B
20240429;100134;309.22;20;10234320627;S
20240429;100141;309.26;10;10234322120;B
20240429;100142;309.26;10;10234322350;B
20240429;100142;309.26;240;10234322351;B
20240429;100142;309.26;190;10234322363;B
20240429;100142;309.25;1060;10234322434;S
20240429;100142;309.25;440;10234322435;S
20240429;100145;309.24;250;10234322822;S
20240429;100146;309.25;10;10234322854;B
20240429;100147;309.25;40;10234323108;B
20240429;100148;309.25;150;10234323229;B
20240429;100150;309.25;580;10234323561;B
20240429;100150;309.25;40;10234323591;B
20240429;100150;309.26;80;10234323593;B
20240429;100151;309.26;10;10234323747;B
20240429;100151;309.26;240;10234323802;B
20240429;100152;309.27;8000;10234323923;B
20240429;100152;309.29;530;10234323924;B
20240429;100153;309.35;10;10234324162;B
20240429;100153;309.35;10;10234324223;B
20240429;100154;309.35;850;10234324283;B
20240429;100154;309.36;3000;10234324284;B
20240429;100154;309.37;280;10234324285;B
20240429;100154;309.37;300;10234324286;B
20240429;100154;309.37;50;10234324287;B
20240429;100154;309.37;440;10234324288;B
20240429;100154;309.38;440;10234324289;B
20240429;100154;309.39;300;10234324290;B
20240429;100154;309.39;440;10234324291;B
20240429;100154;309.39;8000;10234324292;B
20240429;100154;309.4;120;10234324293;B
20240429;100154;309.37;980;10234324318;S
20240429;100154;309.37;400;10234324319;S
20240429;100154;309.36;510;10234324320;S
20240429;100154;309.35;1000;10234324321;S
20240429;100154;309.34;80;10234324322;S
20240429;100154;309.33;680;10234324323;S
20240429;100156;309.39;10;10234324568;B
20240429;100156;309.39;20;10234324690;B
20240429;100156;309.4;130;10234324691;B
20240429;100158;309.4;10;10234324887;B
20240429;100158;309.37;70;10234324889;S
20240429;100158;309.4;10;10234324932;B
20240429;100159;309.37;10;10234325066;S
20240429;100200;309.37;30;10234325113;S
20240429;100200;309.4;10;10234325175;B
20240429;100202;309.4;100;10234325671;B
20240429;100203;309.4;20;10234325676;B
20240429;100203;309.36;170;10234325730;S
20240429;100203;309.36;200;10234325732;S
20240429;100203;309.36;90;10234325733;S
20240429;100203;309.36;60;10234325735;S
20240429;100203;309.36;150;10234325737;S
20240429;100203;309.36;20;10234325741;S
20240429;100203;309.36;50;10234325742;S
20240429;100203;309.36;60;10234325743;S
20240429;100203;309.36;40;10234325744;S
20240429;100203;309.36;150;10234325745;S
20240429;100203;309.36;30;10234325746;S
20240429;100203;309.36;170;10234325747;S
20240429;100203;309.36;40;10234325749;S
20240429;100203;309.36;50;10234325750;S
20240429;100203;309.36;120;10234325751;S
20240429;100203;309.36;20;10234325752;S
20240429;100203;309.36;40;10234325753;S
20240429;100203;309.36;50;10234325755;S
20240429;100203;309.36;80;10234325757;S
20240429;100203;309.36;410;10234325758;S
20240429;100203;309.34;430;10234325759;S
20240429;100203;309.33;50;10234325760;S
20240429;100203;309.34;30;10234325761;S
20240429;100203;309.34;100;10234325765;S
20240429;100203;309.34;60;10234325766;S
20240429;100203;309.34;60;10234325767;S
20240429;100203;309.34;40;10234325769;S
20240429;100203;309.34;50;10234325771;S
20240429;100203;309.34;90;10234325775;S
20240429;100203;309.34;110;10234325776;S
20240429;100203;309.34;20;10234325778;S
20240429;100203;309.34;60;10234325779;S
20240429;100203;309.34;290;10234325780;S
20240429;100203;309.34;150;10234325781;S
20240429;100203;309.33;30;10234325782;S
20240429;100203;309.33;170;10234325785;S
20240429;100203;309.34;70;10234325786;S
20240429;100203;309.34;90;10234325787;S
20240429;100203;309.34;90;10234325788;S
20240429;100203;309.34;350;10234325789;S
20240429;100203;309.33;60;10234325790;S
20240429;100203;309.33;80;10234325791;S
20240429;100203;309.33;40;10234325792;S
20240429;100203;309.34;60;10234325793;S
20240429;100203;309.34;250;10234325794;S
20240429;100203;309.34;80;10234325795;S
20240429;100203;309.35;80;10234325796;S
20240429;100203;309.35;100;10234325797;S
20240429;100203;309.35;10;10234325798;S
20240429;100203;309.34;30;10234325799;S
20240429;100203;309.34;90;10234325800;S
20240429;100203;309.34;170;10234325801;S
20240429;100203;309.34;10;10234325802;S
20240429;100203;309.34;60;10234325803;S
20240429;100203;309.34;100;10234325834;S
20240429;100203;309.34;50;10234325835;S
20240429;100203;309.39;50;10234325924;B
20240429;100205;309.41;10;10234326236;B
20240429;100205;309.42;30;10234326237;B
20240429;100205;309.43;120;10234326238;B
20240429;100206;309.44;10;10234326337;B
20240429;100206;309.42;70;10234326398;S
20240429;100207;309.42;910;10234326617;S
20240429;100207;309.41;1000;10234326618;S
20240429;100207;309.41;960;10234326619;S
20240429;100207;309.4;10;10234326620;S
20240429;100207;309.4;10;10234326621;S
20240429;100207;309.39;110;10234326622;S
20240429;100208;309.44;720;10234326682;B
20240429;100208;309.44;1260;10234326737;B
20240429;100208;309.44;1980;10234326811;B
20240429;100209;309.44;50;10234327132;B
20240429;100211;309.44;70;10234327494;B
20240429;100214;309.44;180;10234328058;B
20240429;100215;309.44;730;10234328244;B
20240429;100215;309.44;100;10234328245;B
20240429;100215;309.45;1370;10234328246;B
20240429;100216;309.45;10;10234328378;B
20240429;100216;309.45;10;10234328456;B
20240429;100216;309.43;100;10234328534;S
20240429;100217;309.45;50;10234328607;B
20240429;100217;309.45;1810;10234328647;B
20240429;100217;309.45;10;10234328648;B
20240429;100217;309.45;160;10234328649;B
20240429;100217;309.45;50;10234328650;B
20240429;100217;309.45;210;10234328651;B
20240429;100217;309.45;100;10234328652;B
20240429;100217;309.45;440;10234328653;B
20240429;100217;309.46;440;10234328654;B
20240429;100217;309.46;400;10234328655;B
20240429;100217;309.47;10;10234328656;B
20240429;100217;309.47;10;10234328657;B
20240429;100217;309.47;100;10234328658;B
20240429;100217;309.47;10;10234328659;B
20240429;100217;309.47;440;10234328660;B
20240429;100217;309.47;810;10234328661;B
20240429;100217;309.45;10;10234328710;S
20240429;100218;309.48;10;10234328815;B
20240429;100218;309.48;80;10234328832;B
20240429;100218;309.48;10;10234328958;B
20240429;100218;309.48;100;10234329023;B
20240429;100218;309.45;70;10234329049;S
20240429;100219;309.48;1500;10234329160;B
20240429;100220;309.47;200;10234329520;S
20240429;100220;309.47;200;10234329521;S
20240429;100220;309.47;200;10234329522;S
20240429;100220;309.48;10;10234329532;B
20240429;100221;309.48;10;10234329598;B
20240429;100221;309.47;200;10234329687;S
20240429;100222;309.5;40;10234329795;B
20240429;100223;309.49;10;10234330105;S
20240429;100224;309.47;20;10234330336;S
20240429;100226;309.49;40;10234330594;B
20240429;100226;309.49;10;10234330595;B
20240429;100227;309.48;10;10234330663;S
20240429;100227;309.43;40;10234330664;S
20240429;100227;309.48;10;10234330704;B
20240429;100229;309.43;400;10234331115;B
20240429;100229;309.44;510;10234331116;B
20240429;100229;309.44;280;10234331117;B
20240429;100229;309.44;310;10234331118;B
20240429;100230;309.44;10;10234331494;B
20240429;100231;309.44;140;10234331539;B
20240429;100231;309.44;1540;10234331662;B
20240429;100231;309.45;40;10234331663;B
20240429;100231;309.46;510;10234331664;B
20240429;100231;309.46;400;10234331665;B
20240429;100231;309.47;2000;10234331666;B
20240429;100231;309.47;2000;10234331667;B
20240429;100231;309.48;100;10234331668;B
20240429;100231;309.48;400;10234331669;S
20240429;100231;309.49;20;10234331670;B
20240429;100232;309.49;60;10234331708;B
20240429;100235;309.48;70;10234332321;S
20240429;100235;309.49;20;10234332341;B
20240429;100235;309.48;100;10234332401;S
20240429;100235;309.48;200;10234332407;S
20240429;100236;309.49;1890;10234332552;B
20240429;100236;309.5;10;10234332573;B
20240429;100236;309.49;400;10234332574;S
20240429;100236;309.49;30;10234332575;S
20240429;100236;309.49;210;10234332576;S
20240429;100236;309.49;100;10234332741;S
20240429;100236;309.49;100;10234332756;S
20240429;100236;309.5;2550;10234332760;B
20240429;100237;309.5;7400;10234332950;B
20240429;100237;309.5;350;10234332951;B
20240429;100237;309.5;10;10234332952;B
20240429;100237;309.5;10;10234332953;B
20240429;100237;309.5;60;10234332954;B
20240429;100237;309.5;10;10234332955;B
20240429;100237;309.5;10;10234332956;B
20240429;100237;309.5;10;10234332957;B
20240429;100237;309.5;20;10234332958;B
20240429;100237;309.51;1500;10234332959;B
20240429;100237;309.53;870;10234332963;B
20240429;100237;309.54;50;10234332973;B
20240429;100238;309.55;10;10234333028;B
20240429;100239;309.57;10;10234333334;S
20240429;100239;309.6;440;10234333442;B
20240429;100239;309.6;110;10234333443;B
20240429;100239;309.6;770;10234333444;B
20240429;100239;309.6;1120;10234333473;B
20240429;100239;309.6;870;10234333474;B
20240429;100239;309.6;10;10234333475;B
20240429;100239;309.6;330;10234333486;B
20240429;100240;309.54;60;10234333651;S
20240429;100241;309.6;60;10234333803;B
20240429;100243;309.6;40;10234334002;B
20240429;100243;309.6;60;10234334003;B
20240429;100243;309.6;20;10234334012;B
20240429;100243;309.6;10;10234334041;B
20240429;100243;309.6;250;10234334067;B
20240429;100243;309.58;150;10234334073;S
20240429;100244;309.6;10;10234334110;B
20240429;100244;309.58;20;10234334189;S
20240429;100244;309.57;1030;10234334190;S
20240429;100244;309.56;460;10234334191;S
20240429;100246;309.6;10;10234334394;B
20240429;100246;309.6;500;10234334464;B
20240429;100247;309.6;10;10234334527;B
20240429;100249;309.57;20;10234335061;S
20240429;100250;309.6;50;10234335139;B
20240429;100252;309.58;980;10234335470;S
20240429;100252;309.58;510;10234335471;S
20240429;100252;309.58;400;10234335472;S
20240429;100252;309.57;480;10234335473;S
20240429;100252;309.57;870;10234335474;S
20240429;100252;309.56;1020;10234335475;S
20240429;100252;309.55;10;10234335476;S
20240429;100252;309.53;330;10234335477;S
20240429;100252;309.52;10;10234335478;S
20240429;100252;309.52;440;10234335479;S
20240429;100252;309.52;320;10234335480;S
20240429;100252;309.51;440;10234335481;S
20240429;100252;309.51;880;10234335482;S
20240429;100252;309.5;1530;10234335483;S
20240429;100252;309.5;440;10234335484;S
20240429;100252;309.5;110;10234335485;S
20240429;100252;309.49;440;10234335486;S
20240429;100252;309.49;500;10234335487;S
20240429;100252;309.48;15640;10234335488;S
20240429;100252;309.48;440;10234335489;S
20240429;100252;309.48;10;10234335490;S
20240429;100252;309.47;440;10234335491;S
20240429;100252;309.46;440;10234335492;S
20240429;100252;309.46;610;10234335493;S
20240429;100252;309.45;440;10234335494;S
20240429;100252;309.45;2000;10234335495;S
20240429;100252;309.45;10;10234335496;S
20240429;100252;309.44;440;10234335497;S
20240429;100252;309.44;20;10234335498;S
20240429;100252;309.44;2000;10234335499;S
20240429;100252;309.44;1280;10234335500;S
20240429;100252;309.43;440;10234335501;S
20240429;100252;309.41;80;10234335502;S
20240429;100254;309.52;10;10234335798;B
20240429;100254;309.52;10;10234335803;B
20240429;100300;309.45;10;10234336639;B
20240429;100300;309.45;50;10234336661;B
20240429;100300;309.4;20;10234336750;S
20240429;100301;309.41;10;10234336891;S
20240429;100303;309.41;390;10234337142;S
20240429;100303;309.4;30;10234337143;S
20240429;100303;309.4;870;10234337144;S
20240429;100303;309.39;1420;10234337145;S
20240429;100303;309.39;1000;10234337146;S
20240429;100303;309.37;10;10234337147;S
20240429;100303;309.37;440;10234337148;S
20240429;100303;309.36;440;10234337149;S
20240429;100303;309.35;440;10234337150;S
20240429;100303;309.34;440;10234337151;S
20240429;100303;309.34;160;10234337152;S
20240429;100303;309.33;440;10234337153;S
20240429;100303;309.33;820;10234337154;S
20240429;100305;309.37;500;10234337322;B
20240429;100305;309.37;980;10234337353;B
20240429;100305;309.37;400;10234337354;B
20240429;100305;309.39;330;10234337355;B
20240429;100305;309.39;510;10234337356;B
20240429;100305;309.4;780;10234337357;B
20240429;100305;309.38;10;10234337387;B
20240429;100308;309.3;110;10234338173;S
20240429;100308;309.3;50;10234338181;S
20240429;100309;309.34;30;10234338285;B
20240429;100309;309.35;30;10234338286;B
20240429;100309;309.36;30;10234338287;B
20240429;100309;309.36;400;10234338288;B
20240429;100309;309.38;980;10234338289;B
20240429;100309;309.39;510;10234338290;B
20240429;100309;309.39;880;10234338291;B
20240429;100309;309.39;440;10234338292;B
20240429;100309;309.39;330;10234338293;B
20240429;100309;309.4;440;10234338294;B
20240429;100309;309.4;380;10234338295;B
20240429;100309;309.41;440;10234338296;B
20240429;100309;309.41;110;10234338297;B
20240429;100309;309.4;30;10234338324;B
20240429;100311;309.38;10;10234338703;B
20240429;100312;309.38;50;10234338821;B
20240429;100313;309.38;40;10234339016;B
20240429;100313;309.43;500;10234339086;S
20240429;100314;309.46;110;10234339233;B
20240429;100314;309.46;50;10234339234;B
20240429;100314;309.45;80;10234339357;S
20240429;100315;309.56;10;10234339389;B
20240429;100317;309.49;20;10234339666;B
20240429;100317;309.44;20;10234339713;S
20240429;100318;309.49;40;10234339787;B
20240429;100318;309.49;10;10234339822;B
20240429;100318;309.49;100;10234339827;B
20240429;100318;309.49;20;10234339839;B
20240429;100319;309.49;50;10234339951;B
20240429;100319;309.49;200;10234339952;B
20240429;100319;309.49;50;10234339953;B
20240429;100319;309.49;820;10234339968;B
20240429;100319;309.49;440;10234339969;B
20240429;100319;309.5;240;10234339970;B
20240429;100321;309.48;10;10234340300;B
20240429;100321;309.48;100;10234340306;B
20240429;100325;309.46;10;10234340798;S
20240429;100325;309.46;50;10234340803;B
20240429;100325;309.4;160;10234340857;S
20240429;100327;309.4;980;10234341093;S
20240429;100327;309.39;20;10234341094;S
20240429;100328;309.46;350;10234341134;B
20240429;100328;309.47;610;10234341135;B
20240429;100328;309.47;440;10234341136;B
20240429;100328;309.48;330;10234341137;B
20240429;100328;309.49;440;10234341138;B
20240429;100328;309.49;2000;10234341139;B
20240429;100328;309.5;440;10234341140;B
20240429;100328;309.5;10;10234341141;B
20240429;100328;309.5;110;10234341142;B
20240429;100328;309.5;300;10234341143;B
20240429;100328;309.51;440;10234341144;B
20240429;100328;309.51;30;10234341145;B
20240429;100332;309.48;100;10234341792;B
20240429;100332;309.48;250;10234341809;B
20240429;100332;309.48;10;10234341830;B
20240429;100332;309.48;40;10234341973;B
20240429;100332;309.48;440;10234341974;B
20240429;100332;309.48;220;10234341975;B
20240429;100334;309.48;230;10234342266;B
20240429;100336;309.4;10;10234342748;S
20240429;100338;309.46;60;10234343030;B
20240429;100340;309.46;380;10234343302;B
20240429;100340;309.46;400;10234343303;B
20240429;100340;309.46;220;10234343304;B
20240429;100341;309.4;60;10234343394;S
20240429;100341;309.38;20;10234343395;S
20240429;100341;309.38;20;10234343396;S
20240429;100341;309.36;330;10234343397;S
20240429;100341;309.36;510;10234343398;S
20240429;100341;309.36;400;10234343399;S
20240429;100341;309.35;440;10234343400;S
20240429;100341;309.34;440;10234343401;S
20240429;100341;309.34;420;10234343402;S
20240429;100341;309.33;440;10234343403;S
20240429;100341;309.33;6920;10234343404;S
20240429;100342;309.39;40;10234343755;B
20240429;100342;309.31;440;10234343883;S
20240429;100342;309.31;10;10234343884;S
20240429;100342;309.31;400;10234343885;S
20240429;100342;309.3;440;10234343886;S
20240429;100342;309.3;10;10234343887;S
20240429;100342;309.29;440;10234343888;S
20240429;100342;309.28;440;10234343889;S
20240429;100342;309.28;210;10234343890;S
20240429;100342;309.27;440;10234343891;S
20240429;100342;309.27;640;10234343892;S
20240429;100342;309.27;1140;10234343893;S
20240429;100342;309.26;440;10234343894;S
20240429;100342;309.26;4950;10234343895;S
20240429;100342;309.32;10;10234343927;B
20240429;100346;309.31;30;10234344706;B
20240429;100346;309.25;10;10234344734;S
20240429;100346;309.25;440;10234344735;S
20240429;100346;309.25;400;10234344736;S
20240429;100346;309.24;440;10234344737;S
20240429;100346;309.23;470;10234344738;S
20240429;100346;309.29;980;10234344764;B
20240429;100346;309.29;400;10234344765;B
20240429;100346;309.31;630;10234344766;B
20240429;100346;309.33;880;10234344767;B
20240429;100346;309.33;310;10234344768;B
20240429;100347;309.3;980;10234344858;B
20240429;100347;309.3;20;10234344859;B
20240429;100351;309.29;20;10234345321;B
20240429;100351;309.29;100;10234345351;B
20240429;100352;309.29;280;10234345388;B
20240429;100352;309.29;630;10234345389;B
20240429;100352;309.29;90;10234345390;B
20240429;100353;309.29;70;10234345576;B
20240429;100353;309.29;80;10234345625;B
20240429;100355;309.28;600;10234345812;S
20240429;100355;309.25;100;10234345813;S
20240429;100356;309.24;440;10234345939;S
20240429;100356;309.24;400;10234345940;S
20240429;100356;309.23;2530;10234345941;S
20240429;100356;309.23;440;10234345942;S
20240429;100356;309.22;10;10234345943;S
20240429;100356;309.22;40;10234345944;S
20240429;100356;309.22;440;10234345945;S
20240429;100356;309.21;440;10234345946;S
20240429;100356;309.2;10;10234345947;S
20240429;100356;309.2;440;10234345948;S
20240429;100356;309.2;480;10234345949;S
20240429;100356;309.19;440;10234345950;S
20240429;100356;309.19;100;10234345951;S
20240429;100356;309.18;2000;10234345952;S
20240429;100356;309.18;440;10234345953;S
20240429;100356;309.18;350;10234345954;S
20240429;100358;309.24;30;10234346292;B
20240429;100401;309.25;10;10234346631;B
20240429;100402;309.25;100;10234346718;B
20240429;100408;309.3;50;10234347481;B
20240429;100408;309.3;30;10234347512;B
20240429;100409;309.3;40;10234347605;B
20240429;100410;309.3;50;10234347698;B
20240429;100413;309.3;10;10234348064;B
20240429;100414;309.3;250;10234348278;B
20240429;100415;309.26;140;10234348394;S
20240429;100418;309.3;10;10234348685;B
20240429;100418;309.3;10;10234348826;B
20240429;100419;309.24;400;10234348879;S
20240429;100419;309.23;510;10234348880;S
20240429;100419;309.23;8000;10234348881;S
20240429;100419;309.21;10;10234348882;S
20240429;100419;309.21;80;10234348883;S
20240429;100419;309.2;10;10234348904;S
20240429;100422;309.2;40;10234349300;S
20240429;100422;309.25;100;10234349324;B
20240429;100424;309.26;10;10234349622;B
20240429;100425;309.26;20;10234349685;B
20240429;100425;309.2;30;10234349817;S
20240429;100427;309.25;400;10234349929;S
20240429;100427;309.24;510;10234349930;S
20240429;100427;309.23;90;10234349931;S
20240429;100428;309.29;130;10234350048;B
20240429;100432;309.24;30;10234350495;S
20240429;100435;309.21;30;10234350850;S
20240429;100441;309.22;170;10234351413;B
20240429;100441;309.24;10;10234351447;B
20240429;100443;309.24;300;10234351754;B
20240429;100443;309.24;100;10234351755;B
20240429;100443;309.24;100;10234351756;B
20240429;100443;309.24;980;10234351757;B
20240429;100443;309.24;330;10234351758;B
20240429;100443;309.24;590;10234351759;B
20240429;100443;309.22;30;10234351773;B
20240429;100443;309.23;20;10234351774;B
20240429;100444;309.2;10;10234351813;S
20240429;100445;309.2;510;10234351894;S
20240429;100445;309.2;490;10234351895;S
20240429;100445;309.24;10;10234351952;B
20240429;100446;309.24;20;10234351974;B
20240429;100446;309.2;590;10234351995;S
20240429;100446;309.19;1410;10234351996;S
20240429;100447;309.2;300;10234352102;B
20240429;100447;309.2;30;10234352103;B
20240429;100447;309.2;470;10234352104;B
20240429;100449;309.19;1000;10234352330;S
20240429;100450;309.19;590;10234352452;S
20240429;100450;309.19;410;10234352453;S
20240429;100451;309.2;500;10234352517;B
20240429;100452;309.2;350;10234352634;B
20240429;100453;309.2;630;10234352692;B
20240429;100453;309.21;310;10234352693;B
20240429;100453;309.22;10;10234352711;B
20240429;100453;309.19;590;10234352751;S
20240429;100453;309.16;410;10234352752;S
20240429;100454;309.22;20;10234352834;B
20240429;100454;309.17;120;10234352851;S
20240429;100456;309.22;10;10234353074;B
20240429;100457;309.17;10;10234353229;S
20240429;100457;309.2;100;10234353244;B
20240429;100458;309.16;10;10234353384;S
20240429;100501;309.2;10;10234353637;B
20240429;100501;309.2;100;10234353676;B
20240429;100501;309.2;80;10234353715;B
20240429;100503;309.19;10;10234353984;B
20240429;100503;309.22;50;10234354011;B
20240429;100504;309.21;10;10234354166;B
20240429;100504;309.22;40;10234354167;B
20240429;100505;309.21;10;10234354366;B
20240429;100505;309.21;10;10234354367;B
20240429;100505;309.22;60;10234354368;B
20240429;100505;309.22;330;10234354393;B
20240429;100506;309.22;10;10234354449;B
20240429;100508;309.2;20;10234354844;S
20240429;100509;309.2;80;10234354936;S
20240429;100509;309.2;200;10234354937;S
20240429;100509;309.2;10;10234354938;S
20240429;100509;309.16;210;10234354939;S
20240429;100509;309.16;2370;10234354940;S
20240429;100509;309.15;250;10234354943;S
20240429;100509;309.15;20;10234354944;S
20240429;100510;309.14;50;10234354973;B
20240429;100511;309.14;50;10234355097;B
20240429;100512;309.14;40;10234355394;B
20240429;100513;309.14;50;10234355561;B
20240429;100513;309.14;100;10234355624;B
20240429;100513;309.14;110;10234355625;B
20240429;100513;309.14;190;10234355626;B
20240429;100515;309.14;10;10234355868;B
20240429;100516;309.14;180;10234355900;B
20240429;100518;309.14;10;10234356243;B
20240429;100520;309.13;20;10234356494;S
20240429;100520;309.13;10;10234356495;S
20240429;100520;309.13;10;10234356496;S
20240429;100520;309.12;10;10234356497;S
20240429;100523;309.12;30;10234356845;S
20240429;100523;309.11;10;10234356846;S
20240429;100523;309.11;30;10234356847;S
20240429;100523;309.11;100;10234356848;S
20240429;100523;309.14;10;10234356854;B
20240429;100523;309.15;30;10234356855;B
20240429;100523;309.13;1000;10234356935;B
20240429;100523;309.15;20;10234356936;B
20240429;100523;309.15;630;10234356937;B
20240429;100523;309.17;400;10234356938;B
20240429;100523;309.19;830;10234356939;B
20240429;100529;309.22;10;10234357502;B
20240429;100529;309.22;880;10234357503;B
20240429;100529;309.22;110;10234357504;B
20240429;100530;309.25;80;10234357591;B
20240429;100535;309.24;10;10234358126;B
20240429;100538;309.18;20;10234358438;B
20240429;100538;309.18;40;10234358441;B
20240429;100539;309.19;40;10234358563;B
20240429;100539;309.19;10;10234358586;B
20240429;100542;309.18;20;10234358778;B
20240429;100542;309.19;970;10234358779;B
20240429;100542;309.2;810;10234358780;B
20240429;100542;309.23;70;10234358893;B
20240429;100542;309.17;400;10234358904;S
20240429;100542;309.16;510;10234358905;S
20240429;100542;309.16;10;10234358906;S
20240429;100542;309.16;330;10234358907;S
20240429;100542;309.15;10;10234358908;S
20240429;100542;309.15;700;10234358909;S
20240429;100542;309.15;3000;10234358910;S
20240429;100542;309.14;40;10234358911;S
20240429;100543;309.16;200;10234358987;S
20240429;100546;309.23;370;10234359353;B
20240429;100546;309.23;80;10234359354;B
20240429;100546;309.23;30;10234359364;B
20240429;100547;309.23;10;10234359511;B
20240429;100548;309.23;120;10234359550;B
20240429;100549;309.23;20;10234359673;B
20240429;100550;309.23;10;10234359733;B
20240429;100552;309.23;10;10234359915;B
20240429;100554;309.23;50;10234360137;S
20240429;100555;309.25;100;10234360161;B
20240429;100555;309.25;20;10234360162;B
20240429;100555;309.25;50;10234360232;B
20240429;100556;309.22;10;10234360326;S
20240429;100556;309.25;190;10234360335;B
20240429;100556;309.25;110;10234360336;B
20240429;100557;309.22;50;10234360377;S
20240429;100601;309.24;10;10234360842;B
20240429;100606;309.23;50;10234361532;B
20240429;100606;309.23;10;10234361555;B
20240429;100607;309.23;10;10234361681;B
20240429;100608;309.23;60;10234361723;B
20240429;100608;309.23;90;10234361800;B
20240429;100617;309.22;410;10234362877;S
20240429;100617;309.21;8000;10234362878;S
20240429;100617;309.2;100;10234362879;S
20240429;100617;309.19;120;10234362880;S
20240429;100617;309.19;30;10234362881;S
20240429;100617;309.17;750;10234362882;S
20240429;100617;309.16;1000;10234362884;S
20240429;100617;309.16;100;10234362885;S
20240429;100617;309.15;550;10234362886;S
20240429;100617;309.14;10;10234362887;S
20240429;100617;309.13;80;10234362888;S
20240429;100617;309.13;920;10234362890;S
20240429;100617;309.11;60;10234362896;B
20240429;100619;309.1;10;10234363195;S
20240429;100619;309.1;170;10234363196;S
20240429;100623;309.11;50;10234363770;B
20240429;100624;309.11;20;10234363782;B
20240429;100625;309.1;10;10234363917;S
20240429;100625;309.1;20;10234363938;S
20240429;100625;309.1;10;10234363939;S
20240429;100626;309.11;70;10234364014;B
20240429;100626;309.11;50;10234364015;B
20240429;100626;309.11;50;10234364028;B
20240429;100627;309.11;10;10234364163;B
20240429;100629;309.11;90;10234364471;B
20240429;100629;309.11;10;10234364472;B
20240429;100631;309.1;990;10234364777;S
20240429;100631;309.1;120;10234364778;S
20240429;100631;309.1;10;10234364779;S
20240429;100631;309.1;10;10234364780;S
20240429;100631;309.1;10;10234364781;S
20240429;100631;309.1;100;10234364782;S
20240429;100631;309.09;500;10234364783;S
20240429;100631;309.09;400;10234364784;S
20240429;100631;309.08;110;10234364785;S
20240429;100631;309.06;1000;10234364786;S
20240429;100631;309.06;30;10234364787;S
20240429;100631;309.06;330;10234364788;S
20240429;100631;309.05;30;10234364789;S
20240429;100631;309.05;10;10234364790;S
20240429;100631;309.05;10;10234364791;S
20240429;100631;309.05;440;10234364792;S
20240429;100631;309.05;900;10234364793;S
20240429;100631;309.06;190;10234364794;S
20240429;100632;309.09;110;10234364915;B
20240429;100635;309.11;10;10234365199;B
20240429;100635;309.16;10;10234365220;S
20240429;100635;309.17;440;10234365301;B
20240429;100635;309.18;210;10234365302;B
20240429;100635;309.2;20;10234365315;S
20240429;100636;309.2;300;10234365354;S
20240429;100636;309.2;80;10234365355;S
20240429;100636;309.2;420;10234365356;S
20240429;100640;309.21;50;10234365933;B
20240429;100641;309.21;170;10234366044;B
20240429;100648;309.21;20;10234366959;B
20240429;100649;309.21;200;10234367053;B
20240429;100649;309.22;120;10234367054;B
20240429;100649;309.21;440;10234367055;S
20240429;100650;309.21;200;10234367251;S
20240429;100652;309.22;320;10234367523;B
20240429;100652;309.22;40;10234367524;B
20240429;100652;309.23;440;10234367525;B
20240429;100652;309.24;330;10234367526;B
20240429;100652;309.24;440;10234367527;B
20240429;100652;309.25;250;10234367528;B
20240429;100652;309.25;440;10234367529;B
20240429;100652;309.26;440;10234367530;B
20240429;100652;309.26;300;10234367531;B
20240429;100652;309.25;400;10234367538;S
20240429;100652;309.25;10;10234367638;S
20240429;100653;309.25;10;10234367712;S
20240429;100657;309.27;10;10234368247;B
20240429;100700;309.28;170;10234368657;B
20240429;100704;309.3;180;10234369185;B
20240429;100704;309.31;10;10234369186;B
20240429;100704;309.32;30;10234369187;B
20240429;100704;309.32;440;10234369188;B
20240429;100704;309.33;440;10234369189;B
20240429;100705;309.33;100;10234369266;S
20240429;100708;309.34;10;10234369659;B
20240429;100709;309.34;10;10234369987;B
20240429;100710;309.34;420;10234370114;B
20240429;100710;309.35;500;10234370115;B
20240429;100710;309.35;70;10234370116;B
20240429;100712;309.37;50;10234370307;B
20240429;100714;309.37;90;10234370622;B
20240429;100715;309.37;50;10234370771;B
20240429;100715;309.36;400;10234370815;S
20240429;100715;309.36;2000;10234370816;S
20240429;100715;309.36;100;10234370817;S
20240429;100717;309.36;20;10234370974;S
20240429;100719;309.37;10;10234371234;B
20240429;100722;309.37;10;10234371593;B
20240429;100724;309.36;40;10234371750;S
20240429;100724;309.37;10;10234371754;B
20240429;100725;309.37;220;10234371889;B
20240429;100725;309.37;10;10234371890;B
20240429;100729;309.37;60;10234372402;B
20240429;100729;309.37;290;10234372403;B
20240429;100729;309.37;10;10234372407;B
20240429;100731;309.37;10;10234372630;B
20240429;100731;309.36;20;10234372634;S
20240429;100731;309.36;1630;10234372650;S
20240429;100731;309.36;400;10234372651;S
20240429;100731;309.35;970;10234372652;S
20240429;100732;309.37;10;10234372679;B
20240429;100732;309.36;700;10234372705;B
20240429;100732;309.36;290;10234372706;B
20240429;100733;309.35;30;10234372772;S
20240429;100734;309.36;50;10234372859;B
20240429;100735;309.34;10;10234372996;S
20240429;100735;309.34;110;10234372997;S
20240429;100735;309.33;1300;10234372998;S
20240429;100735;309.32;870;10234372999;S
20240429;100735;309.31;10;10234373000;S
20240429;100735;309.3;3000;10234373001;S
20240429;100735;309.29;110;10234373002;S
20240429;100735;309.28;10;10234373003;S
20240429;100735;309.27;50;10234373004;S
20240429;100735;309.28;140;10234373040;B
20240429;100740;309.29;100;10234373388;B
20240429;100740;309.29;300;10234373465;B
20240429;100740;309.29;10;10234373466;B
20240429;100740;309.3;680;10234373467;B
20240429;100740;309.3;10;10234373468;B
20240429;100740;309.32;220;10234373469;B
20240429;100741;309.28;100;10234373576;B
20240429;100744;309.28;10;10234373766;B
20240429;100744;309.28;20;10234373767;B
20240429;100744;309.29;20;10234373789;B
20240429;100746;309.32;60;10234373960;B
20240429;100746;309.32;20;10234373987;B
20240429;100747;309.28;110;10234374084;S
20240429;100748;309.32;40;10234374223;B
20240429;100750;309.32;10;10234374383;B
20240429;100750;309.32;320;10234374404;B
20240429;100753;309.29;50;10234374702;S
20240429;100754;309.32;110;10234374732;B
20240429;100754;309.32;40;10234374749;B
20240429;100801;309.32;10;10234375686;B
20240429;100802;309.31;20;10234375841;B
20240429;100803;309.31;10;10234375866;B
20240429;100803;309.31;10;10234375867;B
20240429;100803;309.29;10;10234375899;S
20240429;100804;309.3;10;10234375943;S
20240429;100806;309.3;40;10234376164;S
20240429;100806;309.29;970;10234376165;S
20240429;100806;309.28;40;10234376166;S
20240429;100806;309.28;500;10234376167;S
20240429;100806;309.27;500;10234376168;S
20240429;100806;309.27;440;10234376169;S
20240429;100807;309.29;10;10234376236;S
20240429;100810;309.3;880;10234376529;B
20240429;100810;309.3;400;10234376530;B
20240429;100810;309.3;220;10234376531;B
20240429;100810;309.3;10;10234376605;B
20240429;100812;309.29;10;10234376795;S
20240429;100812;309.27;40;10234376796;S
20240429;100812;309.26;130;10234376836;S
20240429;100813;309.29;160;10234376918;B
20240429;100815;309.29;10;10234377092;B
20240429;100817;309.28;160;10234377315;B
20240429;100820;309.25;10;10234377795;S
20240429;100821;309.25;40;10234377865;S
20240429;100821;309.24;100;10234377866;S
20240429;100821;309.23;700;10234377867;S
20240429;100821;309.23;500;10234377868;S
20240429;100821;309.22;470;10234377869;S
20240429;100823;309.24;10;10234377984;B
20240429;100826;309.24;10;10234378226;B
20240429;100828;309.24;380;10234378431;B
20240429;100828;309.24;10;10234378432;B
20240429;100832;309.22;30;10234378792;S
20240429;100835;309.23;10;10234379044;B
20240429;100835;309.22;70;10234379046;S
20240429;100835;309.22;40;10234379047;S
20240429;100835;309.2;320;10234379048;S
20240429;100836;309.23;10;10234379181;B
20240429;100836;309.23;10;10234379182;B
20240429;100836;309.24;90;10234379183;B
20240429;100837;309.24;10;10234379339;B
20240429;100837;309.25;330;10234379340;B
20240429;100837;309.25;160;10234379341;B
20240429;100839;309.23;980;10234379496;B
20240429;100839;309.24;630;10234379497;B
20240429;100839;309.25;300;10234379498;B
20240429;100839;309.25;400;10234379499;B
20240429;100839;309.26;10;10234379500;B
20240429;100839;309.26;490;10234379501;B
20240429;100839;309.26;330;10234379502;B
20240429;100839;309.26;510;10234379503;B
20240429;100839;309.27;10;10234379504;B
20240429;100839;309.27;1340;10234379505;B
20240429;100841;309.24;200;10234379791;S
20240429;100842;309.27;170;10234379845;S
20240429;100842;309.24;500;10234379846;S
20240429;100842;309.23;130;10234379847;S
20240429;100843;309.25;10;10234380050;S
20240429;100846;309.26;50;10234380448;S
20240429;100848;309.26;450;10234380551;S
20240429;100848;309.25;500;10234380552;S
20240429;100848;309.23;240;10234380587;S
20240429;100848;309.24;20;10234380595;B
20240429;100849;309.24;4500;10234380624;B
20240429;100854;309.24;10;10234381054;B
20240429;100858;309.23;10;10234381537;S
20240429;100858;309.22;100;10234381538;S
20240429;100858;309.21;870;10234381539;S
20240429;100858;309.2;120;10234381540;S
20240429;100858;309.2;10;10234381541;S
20240429;100858;309.2;500;10234381542;S
20240429;100858;309.2;10;10234381543;S
20240429;100858;309.19;440;10234381544;S
20240429;100858;309.19;100;10234381545;S
20240429;100858;309.19;500;10234381546;S
20240429;100858;309.18;440;10234381547;S
20240429;100858;309.18;400;10234381548;S
20240429;100858;309.17;440;10234381549;S
20240429;100858;309.16;440;10234381550;S
20240429;100858;309.16;620;10234381551;S
20240429;100904;309.21;500;10234382232;B
20240429;100906;309.21;10;10234382400;B
20240429;100907;309.24;10;10234382559;B
20240429;100908;309.24;1000;10234382622;B
20240429;100912;309.24;810;10234383071;B
20240429;100912;309.24;70;10234383072;B
20240429;100912;309.26;120;10234383073;B
20240429;100912;309.27;10;10234383195;B
20240429;100913;309.27;300;10234383431;B
20240429;100914;309.28;350;10234383491;B
20240429;100917;309.28;90;10234383950;B
20240429;100917;309.29;410;10234383951;B
20240429;100918;309.29;30;10234384356;B
20240429;100923;309.27;10;10234384851;S
20240429;100923;309.25;10;10234384852;S
20240429;100923;309.25;40;10234384953;B
20240429;100926;309.26;320;10234385196;B
20240429;100928;309.26;50;10234385467;B
20240429;100929;309.26;30;10234385629;B
20240429;100929;309.26;590;10234385630;B
20240429;100929;309.28;80;10234385631;B
20240429;100932;309.26;30;10234386053;B
20240429;100940;309.26;10;10234387073;B
20240429;100942;309.26;60;10234387422;B
20240429;100943;309.25;960;10234387451;S
20240429;100943;309.23;100;10234387486;S
20240429;100943;309.23;10;10234387487;S
20240429;100943;309.21;10;10234387488;S
20240429;100943;309.21;30;10234387489;S
20240429;100943;309.21;10;10234387490;S
20240429;100943;309.2;20;10234387491;S
20240429;100943;309.2;20;10234387492;S
20240429;100944;309.16;10;10234387642;S
20240429;100945;309.17;100;10234387710;B
20240429;100946;309.17;320;10234387868;B
20240429;100950;309.17;200;10234388231;B
20240429;100955;309.17;10;10234388858;B
20240429;100955;309.16;20;10234388927;S
20240429;100955;309.16;180;10234388965;S
20240429;100955;309.16;870;10234388966;S
20240429;100955;309.15;10;10234388967;S
20240429;100955;309.15;90;10234388968;S
20240429;100955;309.14;100;10234388969;S
20240429;100955;309.14;440;10234388970;S
20240429;100955;309.13;440;10234388971;S
20240429;100955;309.13;400;10234388972;S
20240429;100955;309.12;440;10234388973;S
20240429;100955;309.11;30;10234388974;S
20240429;100955;309.11;150;10234388975;S
20240429;100955;309.11;440;10234388976;S
20240429;100955;309.11;60;10234388977;S
20240429;100955;309.1;1350;10234388978;S
20240429;100956;309.13;10;10234389148;B
20240429;100957;309.11;100;10234389210;S
20240429;100958;309.12;20;10234389314;B
20240429;100958;309.12;500;10234389315;B
20240429;100958;309.13;480;10234389316;B
20240429;100958;309.13;10;10234389317;B
20240429;100958;309.13;220;10234389355;B
20240429;101000;309.14;20;10234389708;B
20240429;101000;309.14;310;10234389743;B
20240429;101000;309.15;1000;10234389744;B
20240429;101000;309.16;580;10234389745;B
20240429;101000;309.16;500;10234389746;B
20240429;101000;309.17;500;10234389747;B
20240429;101000;309.17;980;10234389748;B
20240429;101000;309.17;400;10234389749;B
20240429;101001;309.17;30;10234389908;S
20240429;101004;309.18;190;10234390335;B
20240429;101007;309.19;10;10234390653;B
20240429;101010;309.17;10;10234390960;S
20240429;101015;309.18;10;10234391704;B
20240429;101016;309.18;20;10234391733;B
20240429;101018;309.17;80;10234391931;S
20240429;101023;309.18;10;10234392730;B
20240429;101023;309.18;10;10234392781;B
20240429;101026;309.18;10;10234393122;S
20240429;101026;309.17;610;10234393123;S
20240429;101026;309.17;10;10234393124;S
20240429;101026;309.17;300;10234393125;S
20240429;101026;309.15;10;10234393126;S
20240429;101026;309.14;60;10234393127;S
20240429;101026;309.17;10;10234393188;B
20240429;101028;309.16;100;10234393307;S
20240429;101028;309.16;1000;10234393347;B
20240429;101028;309.16;10;10234393348;B
20240429;101028;309.17;10;10234393437;B
20240429;101029;309.15;10;10234393479;S
20240429;101031;309.16;150;10234393748;B
20240429;101031;309.16;10;10234393847;B
20240429;101032;309.15;10;10234393895;S
20240429;101035;309.15;300;10234394538;S
20240429;101035;309.11;1000;10234394620;S
20240429;101035;309.1;10;10234394621;S
20240429;101035;309.12;10;10234394630;B
20240429;101036;309.13;10;10234394723;B
20240429;101036;309.13;970;10234394728;B
20240429;101036;309.13;230;10234394729;B
20240429;101040;309.11;400;10234395395;S
20240429;101040;309.11;740;10234395396;S
20240429;101041;309.13;10;10234395456;B
20240429;101041;309.13;180;10234395480;B
20240429;101041;309.13;10;10234395481;B
20240429;101045;309.14;320;10234396076;B
20240429;101047;309.14;510;10234396391;S
20240429;101047;309.14;400;10234396392;S
20240429;101047;309.13;980;10234396393;S
20240429;101047;309.12;500;10234396394;S
20240429;101047;309.11;40;10234396395;S
20240429;101047;309.11;500;10234396396;S
20240429;101047;309.11;780;10234396397;S
20240429;101049;309.18;100;10234396562;B
20240429;101051;309.15;30;10234396868;S
20240429;101053;309.18;320;10234397139;S
20240429;101053;309.16;680;10234397140;S
20240429;101054;309.17;980;10234397224;S
20240429;101054;309.17;500;10234397225;S
20240429;101054;309.15;20;10234397226;S
20240429;101054;309.15;10;10234397227;S
20240429;101054;309.15;500;10234397228;S
20240429;101054;309.15;400;10234397229;S
20240429;101054;309.14;500;10234397230;S
20240429;101054;309.13;10;10234397231;S
20240429;101054;309.13;30;10234397232;S
20240429;101054;309.12;440;10234397233;S
20240429;101054;309.12;880;10234397234;S
20240429;101054;309.12;330;10234397235;S
20240429;101054;309.11;500;10234397236;S
20240429;101054;309.11;440;10234397237;S
20240429;101054;309.1;3770;10234397238;S
20240429;101054;309.1;1000;10234397239;S
20240429;101054;309.1;20;10234397240;S
20240429;101054;309.1;10;10234397241;S
20240429;101054;309.1;10;10234397242;S
20240429;101054;309.1;60;10234397243;S
20240429;101054;309.1;50;10234397244;S
20240429;101054;309.1;440;10234397245;S
20240429;101054;309.1;10;10234397246;S
20240429;101057;309.1;10;10234397637;B
20240429;101058;309.1;30;10234397713;B
20240429;101059;309.1;10;10234397931;B
20240429;101059;309.1;30;10234397971;B
20240429;101100;309.09;80;10234398085;S
20240429;101100;309.09;10;10234398086;S
20240429;101100;309.09;20;10234398087;S
20240429;101100;309.08;90;10234398088;S
20240429;101100;309.08;190;10234398089;S
20240429;101100;309.06;20;10234398090;S
20240429;101100;309.06;870;10234398091;S
20240429;101100;309.05;80;10234398092;S
20240429;101103;309.07;10;10234398355;B
20240429;101107;309.09;400;10234398894;B
20240429;101108;309.09;20;10234399081;B
20240429;101118;309.08;50;10234400177;B
20240429;101120;309.08;700;10234400688;B
20240429;101123;309.09;100;10234401022;B
20240429;101124;309.07;30;10234401114;B
20240429;101126;309.07;70;10234401375;B
20240429;101126;309.07;90;10234401384;B
20240429;101130;309.06;10;10234401781;S
20240429;101130;309.04;30;10234401782;S
20240429;101131;309.07;50;10234401973;B
20240429;101132;309.07;50;10234401983;B
20240429;101134;309.04;20;10234402245;S
20240429;101137;309.07;110;10234402651;B
20240429;101138;309.05;120;10234402795;S
20240429;101139;309.07;10;10234402883;B
20240429;101143;309.05;100;10234403295;S
20240429;101143;309.05;90;10234403347;B
20240429;101145;309.04;120;10234403634;S
20240429;101148;309.07;10;10234403969;B
20240429;101149;309.07;170;10234404128;B
20240429;101150;309.04;280;10234404217;S
20240429;101151;309.07;60;10234404353;B
20240429;101153;309.05;1000;10234404526;S
20240429;101153;309.04;200;10234404527;S
20240429;101153;309.04;500;10234404528;S
20240429;101153;309.04;10;10234404529;S
20240429;101153;309.03;30;10234404530;S
20240429;101153;309.02;1000;10234404531;S
20240429;101153;309.02;760;10234404532;S
20240429;101153;309.07;20;10234404568;B
20240429;101153;309.07;10;10234404584;B
20240429;101154;309.07;220;10234404641;B
20240429;101154;309.07;30;10234404642;B
20240429;101154;309.07;270;10234404643;B
20240429;101154;309.07;320;10234404644;B
20240429;101156;309.07;160;10234404908;B
20240429;101159;309.08;10;10234405352;B
20240429;101201;309.08;390;10234405741;B
20240429;101205;309.08;400;10234406117;B
20240429;101205;309.09;250;10234406118;B
20240429;101205;309.07;300;10234406182;S
20240429;101207;309.08;10;10234406362;S
20240429;101207;309.08;290;10234406363;S
20240429;101208;309.09;40;10234406460;B
20240429;101216;309.09;20;10234407328;B
20240429;101217;309.08;10;10234407448;S
20240429;101218;309.09;100;10234407502;B
20240429;101219;309.08;30;10234407590;S
20240429;101221;309.09;20;10234407768;B
20240429;101222;309.09;20;10234407837;B
20240429;101223;309.09;40;10234407978;B
20240429;101227;309.08;170;10234408264;S
20240429;101227;309.08;50;10234408265;S
20240429;101227;309.08;50;10234408266;S
20240429;101227;309.08;160;10234408267;S
20240429;101227;309.08;20;10234408268;S
20240429;101227;309.07;30;10234408269;S
20240429;101230;309.09;100;10234408592;B
20240429;101230;309.09;100;10234408593;B
20240429;101230;309.09;100;10234408594;B
20240429;101230;309.09;2000;10234408595;B
20240429;101230;309.09;500;10234408596;B
20240429;101230;309.09;300;10234408597;B
20240429;101230;309.09;100;10234408599;B
20240429;101230;309.09;1000;10234408600;B
20240429;101232;309.09;50;10234408735;B
20240429;101232;309.09;50;10234408759;B
20240429;101236;309.1;130;10234409100;B
20240429;101238;309.09;300;10234409240;S
20240429;101240;309.1;1500;10234409522;B
20240429;101241;309.1;170;10234409899;B
20240429;101244;309.09;150;10234410136;S
20240429;101244;309.09;80;10234410137;S
20240429;101248;309.1;10;10234410508;B
20240429;101248;309.1;3060;10234410518;B
20240429;101250;309.1;30;10234410728;B
20240429;101256;309.1;100;10234411221;B
20240429;101256;309.1;300;10234411222;B
20240429;101256;309.1;300;10234411224;B
20240429;101257;309.09;10;10234411357;S
20240429;101257;309.09;10;10234411367;S
20240429;101257;309.09;130;10234411368;S
20240429;101258;309.09;10;10234411503;S
20240429;101259;309.1;410;10234411564;B
20240429;101300;309.1;10;10234411683;B
20240429;101306;309.1;2990;10234412216;B
20240429;101306;309.11;2000;10234412217;B
20240429;101308;309.1;10;10234412356;S
20240429;101308;309.1;400;10234412357;S
20240429;101308;309.1;500;10234412358;S
20240429;101308;309.1;810;10234412359;S
20240429;101309;309.11;550;10234412443;B
20240429;101310;309.11;20;10234412556;B
20240429;101312;309.11;320;10234412685;B
20240429;101315;309.11;30;10234413192;B
20240429;101321;309.1;190;10234414259;S
20240429;101321;309.1;810;10234414260;S
20240429;101327;309.11;80;10234414804;B
20240429;101327;309.11;20;10234414805;B
20240429;101328;309.11;130;10234414887;B
20240429;101331;309.16;10;10234415279;B
20240429;101332;309.16;10;10234415363;B
20240429;101334;309.16;2000;10234415535;B
20240429;101336;309.16;40;10234415634;B
20240429;101337;309.15;350;10234415792;S
20240429;101338;309.16;230;10234415893;B
20240429;101340;309.16;30;10234416117;B
20240429;101341;309.15;50;10234416188;S
20240429;101341;309.15;500;10234416189;S
20240429;101341;309.15;200;10234416190;S
20240429;101341;309.15;520;10234416191;S
20240429;101346;309.15;380;10234416860;S
20240429;101346;309.13;40;10234416861;S
20240429;101347;309.16;680;10234416871;B
20240429;101347;309.16;400;10234416872;B
20240429;101347;309.17;500;10234416873;B
20240429;101347;309.17;870;10234416874;B
20240429;101347;309.17;550;10234416875;B
20240429;101353;309.12;30;10234417580;B
20240429;101400;309.12;50;10234418271;B
20240429;101403;309.12;30;10234418694;B
20240429;101404;309.11;170;10234418745;S
20240429;101404;309.11;330;10234418746;S
20240429;101406;309.11;50;10234418896;S
20240429;101408;309.11;20;10234419438;S
20240429;101408;309.1;120;10234419440;S
20240429;101408;309.1;120;10234419441;S
20240429;101408;309.1;300;10234419442;S
20240429;101408;309.1;200;10234419443;S
20240429;101408;309.1;50;10234419444;S
20240429;101408;309.1;20;10234419445;S
20240429;101408;309.1;280;10234419446;S
20240429;101408;309.1;10;10234419447;S
20240429;101408;309.1;30;10234419448;S
20240429;101408;309.1;1000;10234419449;S
20240429;101408;309.09;100;10234419452;S
20240429;101408;309.09;10;10234419453;S
20240429;101408;309.09;200;10234419454;S
20240429;101408;309.09;300;10234419455;S
20240429;101408;309.09;1520;10234419456;S
20240429;101408;309.09;410;10234419457;S
20240429;101408;309.09;120;10234419458;S
20240429;101408;309.09;550;10234419464;S
20240429;101410;309.09;700;10234419726;S
20240429;101412;309.1;10;10234419896;B
20240429;101412;309.1;990;10234419900;B
20240429;101412;309.1;160;10234419901;B
20240429;101413;309.09;1000;10234419914;S
20240429;101415;309.1;340;10234420139;B
20240429;101415;309.1;10;10234420140;B
20240429;101415;309.1;450;10234420141;B
20240429;101418;309.1;100;10234420381;B
20240429;101422;309.1;10;10234420848;B
20240429;101425;309.1;500;10234421316;B
20240429;101425;309.1;160;10234421317;B
20240429;101428;309.11;10;10234421748;B
20240429;101430;309.1;340;10234421961;S
20240429;101430;309.1;10;10234421996;B
20240429;101430;309.1;10;10234422006;B
20240429;101431;309.1;50;10234422145;B
20240429;101433;309.1;500;10234422311;B
20240429;101434;309.1;40;10234422337;B
20240429;101434;309.1;460;10234422338;B
20240429;101434;309.1;40;10234422344;B
20240429;101434;309.11;460;10234422345;B
20240429;101434;309.11;40;10234422355;B
20240429;101434;309.12;460;10234422356;B
20240429;101434;309.12;70;10234422393;B
20240429;101434;309.12;470;10234422396;B
20240429;101434;309.12;30;10234422397;B
20240429;101434;309.12;10;10234422415;B
20240429;101436;309.1;400;10234422544;S
20240429;101438;309.1;50;10234422766;B
20240429;101438;309.1;50;10234422776;B
20240429;101438;309.1;50;10234422785;B
20240429;101442;309.1;170;10234423143;B
20240429;101443;309.1;610;10234423336;B
20240429;101444;309.1;10;10234423431;B
20240429;101444;309.1;30;10234423438;B
20240429;101446;309.1;3630;10234423582;B
20240429;101446;309.12;460;10234423583;B
20240429;101446;309.13;500;10234423584;B
20240429;101446;309.14;500;10234423585;B
20240429;101446;309.14;440;10234423586;B
20240429;101446;309.15;500;10234423587;B
20240429;101446;309.15;440;10234423588;B
20240429;101446;309.16;480;10234423589;B
20240429;101446;309.18;100;10234423590;B
20240429;101446;309.18;340;10234423591;B
20240429;101446;309.19;10;10234423592;B
20240429;101446;309.19;150;10234423593;B
20240429;101446;309.16;300;10234423594;S
20240429;101447;309.19;100;10234423679;B
20240429;101447;309.19;1000;10234423680;B
20240429;101447;309.19;500;10234423681;B
20240429;101447;309.2;20;10234423682;B
20240429;101447;309.2;380;10234423683;B
20240429;101450;309.15;80;10234424026;S
20240429;101451;309.19;10;10234424075;B
20240429;101453;309.2;20;10234424405;B
20240429;101454;309.2;50;10234424601;B
20240429;101455;309.16;20;10234424609;S
20240429;101455;309.19;40;10234424632;B
20240429;101455;309.2;30;10234424720;B
20240429;101455;309.2;440;10234424721;B
20240429;101455;309.2;400;10234424722;B
20240429;101455;309.21;1900;10234424723;B
20240429;101455;309.21;30;10234424724;B
20240429;101455;309.21;440;10234424725;B
20240429;101500;309.21;10;10234425389;B
20240429;101500;309.21;10;10234425425;B
20240429;101502;309.17;10;10234426052;S
20240429;101506;309.2;50;10234427198;B
20240429;101507;309.2;350;10234427571;B
20240429;101507;309.2;500;10234427572;B
20240429;101507;309.21;80;10234427573;B
20240429;101507;309.21;500;10234427574;B
20240429;101507;309.21;440;10234427575;B
20240429;101507;309.21;770;10234427576;B
20240429;101508;309.2;30;10234427766;B
20240429;101509;309.21;10;10234428074;B
20240429;101510;309.2;10;10234428250;S
20240429;101511;309.21;10;10234428433;B
20240429;101511;309.16;10;10234428451;S
20240429;101514;309.21;990;10234429135;B
20240429;101514;309.22;40;10234429136;B
20240429;101514;309.22;440;10234429137;B
20240429;101514;309.23;100;10234429138;B
20240429;101514;309.23;50;10234429139;B
20240429;101514;309.23;410;10234429140;B
20240429;101515;309.25;10;10234429365;B
20240429;101515;309.25;50;10234429382;B
20240429;101517;309.23;10;10234429663;S
20240429;101517;309.23;10;10234429680;S
20240429;101517;309.25;10;10234429693;B
20240429;101519;309.23;10;10234430076;S
20240429;101524;309.23;10;10234431216;S
20240429;101524;309.22;10;10234431217;S
20240429;101524;309.21;10;10234431218;S
20240429;101524;309.2;770;10234431219;S
20240429;101529;309.16;20;10234432184;S
20240429;101530;309.19;200;10234432245;B
20240429;101530;309.19;300;10234432246;B
20240429;101530;309.19;200;10234432247;B
20240429;101532;309.18;10;10234432855;B
20240429;101534;309.19;350;10234433300;B
20240429;101536;309.18;20;10234433857;B
20240429;101537;309.15;50;10234434109;S
20240429;101537;309.15;40;10234434181;S
20240429;101537;309.17;10;10234434186;B
20240429;101541;309.17;10;10234435235;B
20240429;101542;309.17;150;10234435271;B
20240429;101545;309.16;10;10234436231;S
20240429;101548;309.2;30;10234436692;B
20240429;101548;309.2;490;10234436693;B
20240429;101551;309.21;40;10234437171;B
20240429;101552;309.18;1000;10234437562;S
20240429;101552;309.17;400;10234437563;S
20240429;101552;309.16;1000;10234437564;S
20240429;101552;309.15;230;10234437565;S
20240429;101552;309.15;10;10234437566;S
20240429;101552;309.15;20;10234437567;S
20240429;101552;309.15;340;10234437568;S
20240429;101553;309.21;10;10234437851;B
20240429;101556;309.21;20;10234438600;B
20240429;101601;309.2;10;10234439631;B
20240429;101603;309.2;10;10234440014;B
20240429;101604;309.2;10;10234440053;B
20240429;101604;309.21;30;10234440054;B
20240429;101605;309.2;90;10234440220;S
20240429;101605;309.21;190;10234440221;B
20240429;101608;309.2;30;10234440906;S
20240429;101608;309.2;40;10234440915;S
20240429;101608;309.21;90;10234440960;B
20240429;101610;309.21;10;10234441283;B
20240429;101611;309.21;50;10234441404;B
20240429;101618;309.21;10;10234442591;B
20240429;101619;309.21;10;10234442842;B
20240429;101625;309.21;10;10234443488;B
20240429;101625;309.21;10;10234443596;B
20240429;101627;309.21;10;10234443945;B
20240429;101629;309.2;430;10234444169;S
20240429;101629;309.2;570;10234444170;S
20240429;101630;309.2;950;10234444375;S
20240429;101633;309.2;10;10234444980;S
20240429;101634;309.21;50;10234445117;B
20240429;101634;309.2;10;10234445226;S
20240429;101635;309.21;10;10234445359;B
20240429;101636;309.21;20;10234445629;B
20240429;101641;309.21;170;10234446551;B
20240429;101644;309.21;100;10234447200;B
20240429;101646;309.2;460;10234447477;S
20240429;101646;309.2;50;10234447478;S
20240429;101646;309.2;30;10234447479;S
20240429;101646;309.2;10;10234447480;S
20240429;101646;309.2;10;10234447481;S
20240429;101646;309.2;30;10234447482;S
20240429;101649;309.2;160;10234448024;B
20240429;101649;309.2;80;10234448045;B
20240429;101649;309.2;820;10234448104;B
20240429;101650;309.2;50;10234448359;B
20240429;101651;309.2;10;10234448394;B
20240429;101651;309.2;200;10234448438;B
20240429;101651;309.19;10;10234448530;S
20240429;101652;309.18;30;10234448653;S
20240429;101652;309.17;10;10234448654;S
20240429;101652;309.16;260;10234448655;S
20240429;101653;309.17;400;10234448826;B
20240429;101653;309.17;500;10234448827;B
20240429;101653;309.17;100;10234448828;B
20240429;101655;309.17;310;10234449074;B
20240429;101656;309.17;20;10234449361;B
20240429;101657;309.17;10;10234449536;B
20240429;101657;309.16;40;10234449560;S
20240429;101657;309.16;70;10234449561;S
20240429;101704;309.2;250;10234450879;B
20240429;101705;309.2;100;10234451091;B
20240429;101709;309.2;150;10234451767;B
20240429;101709;309.19;20;10234451792;S
20240429;101711;309.2;10;10234452249;B
20240429;101712;309.2;3000;10234452341;B
20240429;101713;309.2;10;10234452658;B
20240429;101714;309.19;10;10234452783;S
20240429;101715;309.2;20;10234453069;B
20240429;101719;309.2;10;10234453819;B
20240429;101721;309.2;10;10234454122;B
20240429;101721;309.2;10;10234454203;B
20240429;101721;309.2;400;10234454222;B
20240429;101722;309.2;10;10234454323;B
20240429;101722;309.2;110;10234454359;B
20240429;101722;309.2;10;10234454360;B
20240429;101722;309.2;280;10234454361;B
20240429;101722;309.2;300;10234454362;B
20240429;101725;309.21;10;10234454675;B
20240429;101726;309.21;10;10234454872;B
20240429;101727;309.2;10;10234455120;S
20240429;101728;309.21;10;10234455342;B
20240429;101729;309.21;10;10234455391;B
20240429;101731;309.2;20;10234455708;S
20240429;101732;309.21;10;10234455855;B
20240429;101733;309.21;10;10234456028;B
20240429;101735;309.21;10;10234456262;B
20240429;101737;309.21;10;10234456582;B
20240429;101738;309.2;1000;10234456690;S
20240429;101740;309.21;10;10234457000;B
20240429;101745;309.21;10;10234457671;B
20240429;101748;309.2;20;10234458036;S
20240429;101749;309.2;1000;10234458170;S
20240429;101752;309.21;120;10234458514;B
20240429;101752;309.21;20;10234458569;B
20240429;101752;309.21;150;10234458615;B
20240429;101752;309.21;10;10234458616;B
20240429;101753;309.23;20;10234458683;B
20240429;101758;309.22;10;10234459475;S
20240429;101800;309.24;10;10234459808;B
20240429;101803;309.24;1000;10234460709;B
20240429;101803;309.24;1180;10234460789;B
20240429;101803;309.24;10;10234460790;B
20240429;101803;309.24;10;10234460791;B
20240429;101803;309.24;10;10234460792;B
20240429;101803;309.24;10;10234460793;B
20240429;101803;309.24;10;10234460794;B
20240429;101803;309.24;10;10234460795;B
20240429;101803;309.24;10;10234460796;B
20240429;101803;309.25;20;10234460797;B
20240429;101803;309.25;40;10234460798;B
20240429;101803;309.25;30;10234460799;B
20240429;101803;309.26;3000;10234460800;B
20240429;101803;309.26;500;10234460801;B
20240429;101803;309.27;500;10234460802;B
20240429;101803;309.27;400;10234460803;B
20240429;101803;309.27;260;10234460804;B
20240429;101803;309.25;320;10234460889;B
20240429;101805;309.25;180;10234461172;B
20240429;101805;309.26;400;10234461173;S
20240429;101807;309.27;10;10234461512;B
20240429;101808;309.27;20;10234461637;B
20240429;101808;309.27;50;10234461768;B
20240429;101812;309.26;20;10234462414;S
20240429;101813;309.27;120;10234462471;B
20240429;101813;309.28;290;10234462472;B
20240429;101813;309.29;10;10234462473;B
20240429;101813;309.29;440;10234462474;B
20240429;101813;309.29;10;10234462475;B
20240429;101813;309.29;2000;10234462476;B
20240429;101813;309.3;2500;10234462477;B
20240429;101813;309.3;440;10234462478;B
20240429;101813;309.3;4000;10234462479;B
20240429;101813;309.3;400;10234462480;B
20240429;101813;309.31;3000;10234462481;B
20240429;101813;309.31;440;10234462482;B
20240429;101813;309.31;870;10234462483;B
20240429;101813;309.32;440;10234462484;B
20240429;101813;309.32;2000;10234462485;B
20240429;101813;309.33;440;10234462486;B
20240429;101813;309.33;350;10234462487;B
20240429;101813;309.32;100;10234462492;S
20240429;101813;309.32;100;10234462493;S
20240429;101813;309.32;100;10234462494;S
20240429;101813;309.35;10;10234462510;B
20240429;101814;309.36;10;10234462675;B
20240429;101815;309.35;100;10234462820;S
20240429;101818;309.35;60;10234463100;B
20240429;101819;309.34;210;10234463244;S
20240429;101819;309.35;10;10234463309;B
20240429;101820;309.35;40;10234463335;B
20240429;101820;309.35;10;10234463378;B
20240429;101821;309.35;100;10234463462;B
20240429;101821;309.35;20;10234463546;B
20240429;101822;309.34;390;10234463714;S
20240429;101823;309.34;730;10234463796;S
20240429;101823;309.33;440;10234463797;S
20240429;101823;309.33;980;10234463798;S
20240429;101823;309.33;880;10234463799;S
20240429;101823;309.32;500;10234463800;S
20240429;101823;309.32;10;10234463801;S
20240429;101823;309.32;440;10234463802;S
20240429;101823;309.32;870;10234463803;S
20240429;101823;309.31;440;10234463804;S
20240429;101823;309.31;500;10234463805;S
20240429;101823;309.31;50;10234463806;S
20240429;101823;309.3;400;10234463807;S
20240429;101823;309.34;20;10234463816;B
20240429;101823;309.34;400;10234463820;B
20240429;101823;309.35;60;10234463821;B
20240429;101823;309.35;1500;10234463822;B
20240429;101825;309.36;50;10234464171;B
20240429;101826;309.36;20;10234464473;B
20240429;101827;309.36;1080;10234464538;B
20240429;101827;309.36;10;10234464539;B
20240429;101827;309.36;400;10234464540;B
20240429;101829;309.36;10;10234464807;B
20240429;101830;309.36;10;10234464849;B
20240429;101832;309.36;20;10234465164;B
20240429;101837;309.36;10;10234465987;B
20240429;101838;309.36;790;10234466021;B
20240429;101838;309.36;50;10234466022;B
20240429;101838;309.35;10;10234466075;S
20240429;101839;309.36;20;10234466243;B
20240429;101841;309.36;20;10234466525;B
20240429;101841;309.36;180;10234466551;B
20240429;101842;309.36;30;10234466594;B
20240429;101843;309.35;10;10234466767;S
20240429;101844;309.36;10;10234466865;B
20240429;101848;309.35;10;10234467415;S
20240429;101849;309.36;10;10234467613;B
20240429;101854;309.36;10;10234468484;B
20240429;101855;309.35;10;10234468566;S
20240429;101856;309.35;120;10234468783;S
20240429;101856;309.34;20;10234468784;S
20240429;101856;309.34;20;10234468785;S
20240429;101856;309.33;20;10234468786;S
20240429;101856;309.33;40;10234468787;S
20240429;101858;309.33;10;10234469324;S
20240429;101900;309.36;10;10234469607;B
20240429;101902;309.36;10;10234469919;B
20240429;101903;309.36;10;10234470054;B
20240429;101905;309.33;10;10234470192;S
20240429;101908;309.36;50;10234470776;B
20240429;101908;309.36;20;10234470818;B
20240429;101908;309.36;10;10234470841;B
20240429;101909;309.36;190;10234471147;B
20240429;101910;309.36;670;10234471312;B
20240429;101910;309.36;10;10234471313;B
20240429;101914;309.4;110;10234472785;B
20240429;101914;309.4;200;10234472786;B
20240429;101914;309.4;1340;10234472787;B
20240429;101915;309.4;30;10234472808;B
20240429;101918;309.39;10;10234473473;S
20240429;101921;309.4;500;10234473885;B
20240429;101922;309.39;50;10234474072;S
20240429;101924;309.4;20;10234474327;B
20240429;101926;309.4;10;10234474543;B
20240429;101926;309.4;1900;10234474573;B
20240429;101926;309.41;150;10234474651;B
20240429;101927;309.4;10;10234474695;S
20240429;101930;309.41;20;10234475375;B
20240429;101931;309.4;200;10234475524;S
20240429;101933;309.41;20;10234475926;B
20240429;101933;309.41;20;10234475929;B
20240429;101934;309.41;20;10234476173;B
20240429;101936;309.41;160;10234476669;B
20240429;101939;309.41;100;10234477626;B
20240429;101940;309.4;20;10234478040;S
20240429;101942;309.41;10;10234478412;B
20240429;101944;309.41;10;10234478722;B
20240429;101945;309.41;10;10234478822;B
20240429;101945;309.4;300;10234478833;S
20240429;101945;309.4;170;10234478834;S
20240429;101945;309.4;20;10234478859;S
20240429;101947;309.41;590;10234478987;B
20240429;101947;309.41;10;10234478988;B
20240429;101947;309.41;10;10234478989;B
20240429;101948;309.4;30;10234479226;S
20240429;101948;309.4;180;10234479236;S
20240429;101948;309.4;120;10234479237;S
20240429;101951;309.4;200;10234479651;S
20240429;101955;309.41;300;10234480420;B
20240429;101956;309.4;180;10234480501;S
20240429;101956;309.4;20;10234480502;S
20240429;101958;309.41;10;10234481201;B
20240429;101959;309.41;50;10234481251;B
20240429;102001;309.41;260;10234481605;B
20240429;102001;309.41;270;10234481661;B
20240429;102001;309.41;10;10234481662;B
20240429;102001;309.41;120;10234481663;B
20240429;102002;309.41;100;10234481977;B
20240429;102004;309.41;10;10234482404;B
20240429;102004;309.41;30;10234482445;B
20240429;102004;309.41;10;10234482446;B
20240429;102008;309.41;10;10234483071;B
20240429;102008;309.41;320;10234483114;B
20240429;102008;309.41;1000;10234483115;B
20240429;102008;309.41;40;10234483116;B
20240429;102008;309.44;500;10234483117;B
20240429;102008;309.45;110;10234483118;B
20240429;102008;309.45;440;10234483119;B
20240429;102008;309.45;110;10234483120;B
20240429;102008;309.45;10;10234483121;B
20240429;102008;309.46;3000;10234483122;B
20240429;102008;309.46;3000;10234483123;B
20240429;102008;309.46;440;10234483124;B
20240429;102008;309.46;870;10234483125;B
20240429;102008;309.47;40;10234483126;B
20240429;102008;309.47;120;10234483127;B
20240429;102008;309.44;40;10234483136;S
20240429;102008;309.44;50;10234483137;S
20240429;102008;309.44;40;10234483145;S
20240429;102008;309.44;40;10234483149;S
20240429;102008;309.44;40;10234483158;S
20240429;102008;309.44;40;10234483172;S
20240429;102008;309.44;40;10234483179;S
20240429;102008;309.44;40;10234483205;S
20240429;102008;309.44;40;10234483227;S
20240429;102009;309.44;20;10234483243;S
20240429;102010;309.44;10;10234483599;S
20240429;102010;309.44;10;10234483613;S
20240429;102010;309.44;10;10234483623;S
20240429;102010;309.44;10;10234483624;S
20240429;102010;309.44;10;10234483644;S
20240429;102011;309.44;10;10234483671;S
20240429;102011;309.45;10;10234483678;B
20240429;102011;309.44;10;10234483680;S
20240429;102011;309.45;10;10234483791;B
20240429;102014;309.45;360;10234484271;B
20240429;102016;309.44;20;10234484659;S
20240429;102016;309.44;20;10234484679;S
20240429;102016;309.44;20;10234484700;S
20240429;102016;309.44;20;10234484714;S
20240429;102016;309.44;20;10234484740;S
20240429;102016;309.44;20;10234484762;S
20240429;102016;309.44;20;10234485041;S
20240429;102017;309.44;10;10234485432;S
20240429;102017;309.45;20;10234485942;B
20240429;102017;309.45;380;10234485943;S
20240429;102019;309.44;10;10234487211;S
20240429;102019;309.44;10;10234487227;S
20240429;102019;309.44;10;10234487233;S
20240429;102019;309.44;10;10234487243;S
20240429;102019;309.44;10;10234487253;S
20240429;102020;309.44;10;10234487320;S
20240429;102020;309.43;690;10234487321;S
20240429;102021;309.44;10;10234487473;S
20240429;102027;309.45;20;10234491725;B
20240429;102027;309.45;20;10234491726;B
20240429;102027;309.46;30;10234491727;B
20240429;102027;309.44;10;10234491735;S
20240429;102027;309.44;1090;10234491736;S
20240429;102027;309.44;900;10234491743;S
20240429;102031;309.45;20;10234494689;B
20240429;102032;309.44;10;10234495999;S
20240429;102032;309.44;20;10234496000;S
20240429;102032;309.44;1070;10234496001;S
20240429;102032;309.44;900;10234496008;S
20240429;102034;309.44;30;10234496187;S
20240429;102034;309.44;20;10234496188;S
20240429;102034;309.42;10;10234496189;S
20240429;102034;309.41;50;10234496190;S
20240429;102034;309.41;50;10234496191;S
20240429;102034;309.41;40;10234496192;S
20240429;102034;309.43;20;10234496199;B
20240429;102034;309.43;10;10234496208;B
20240429;102035;309.43;10;10234496752;B
20240429;102035;309.43;460;10234496781;B
20240429;102035;309.44;500;10234496782;B
20240429;102035;309.46;20;10234496860;B
20240429;102035;309.48;20;10234496861;B
20240429;102039;309.48;90;10234499174;B
20240429;102039;309.48;10;10234499175;B
20240429;102040;309.48;100;10234499331;B
20240429;102041;309.48;50;10234499570;B
20240429;102042;309.47;400;10234499715;S
20240429;102042;309.47;130;10234499716;S
20240429;102042;309.48;170;10234499739;B
20240429;102042;309.47;500;10234499774;S
20240429;102043;309.48;20;10234500552;B
20240429;102044;309.48;100;10234500742;B
20240429;102044;309.48;100;10234500743;B
20240429;102044;309.48;100;10234500764;B
20240429;102044;309.48;100;10234500766;B
20240429;102047;309.49;10;10234502733;B
20240429;102048;309.49;10;10234503142;B
20240429;102048;309.49;10;10234503143;B
20240429;102049;309.49;30;10234503213;B
20240429;102049;309.49;10;10234503214;B
20240429;102049;309.49;60;10234503215;B
20240429;102049;309.49;10;10234503260;B
20240429;102050;309.49;40;10234503592;B
20240429;102051;309.48;10;10234503717;S
20240429;102054;309.48;20;10234504384;S
20240429;102056;309.48;170;10234506148;S
20240429;102059;309.49;30;10234506561;B
20240429;102059;309.49;10;10234506864;B
20240429;102101;309.49;30;10234508094;B
20240429;102101;309.48;460;10234508192;S
20240429;102104;309.48;80;10234508935;S
20240429;102105;309.49;20;10234509236;B
20240429;102112;309.49;20;10234511926;B
20240429;102113;309.49;310;10234512183;B
20240429;102113;309.49;10;10234512184;B
20240429;102113;309.49;880;10234512185;B
20240429;102113;309.49;510;10234512186;B
20240429;102114;309.5;10;10234512519;B
20240429;102118;309.5;10;10234513399;B
20240429;102119;309.5;300;10234513567;B
20240429;102120;309.5;10;10234514580;B
20240429;102120;309.5;100;10234514709;B
20240429;102122;309.5;10;10234514914;B
20240429;102122;309.49;60;10234515081;S
20240429;102123;309.5;60;10234515197;B
20240429;102123;309.5;2560;10234515198;B
20240429;102125;309.49;1430;10234516519;S
20240429;102126;309.5;320;10234517521;B
20240429;102127;309.5;920;10234517840;B
20240429;102127;309.5;30;10234517897;B
20240429;102128;309.49;1680;10234518025;S
20240429;102128;309.49;1580;10234518182;S
20240429;102128;309.49;100;10234518183;S
20240429;102128;309.49;100;10234518298;S
20240429;102128;309.49;300;10234518299;S
20240429;102128;309.49;300;10234518300;S
20240429;102128;309.49;200;10234518301;S
20240429;102128;309.49;200;10234518302;S
20240429;102128;309.49;300;10234518303;S
20240429;102128;309.49;100;10234518304;S
20240429;102128;309.49;140;10234518305;S
20240429;102128;309.5;10;10234518388;B
20240429;102128;309.49;160;10234518487;S
20240429;102128;309.49;100;10234518488;S
20240429;102128;309.49;70;10234518489;S
20240429;102128;309.49;820;10234518490;S
20240429;102128;309.48;20;10234518491;S
20240429;102128;309.48;100;10234518492;S
20240429;102128;309.47;250;10234518493;S
20240429;102128;309.47;40;10234518851;S
20240429;102129;309.47;80;10234519013;S
20240429;102129;309.48;200;10234519246;B
20240429;102129;309.48;60;10234519608;B
20240429;102129;309.47;100;10234519643;S
20240429;102130;309.47;100;10234519694;S
20240429;102130;309.47;100;10234519705;S
20240429;102131;309.47;100;10234519893;S
20240429;102131;309.48;20;10234519896;B
20240429;102131;309.48;10;10234519906;B
20240429;102131;309.47;100;10234519927;S
20240429;102131;309.47;100;10234519968;S
20240429;102131;309.47;100;10234520009;S
20240429;102132;309.47;100;10234520047;S
20240429;102132;309.47;100;10234520080;S
20240429;102132;309.47;100;10234520088;S
20240429;102132;309.47;100;10234520105;S
20240429;102132;309.48;20;10234520147;B
20240429;102135;309.48;10;10234521546;B
20240429;102136;309.47;10;10234521681;S
20240429;102136;309.48;250;10234521688;B
20240429;102137;309.48;10;10234521786;B
20240429;102138;309.48;10;10234522181;B
20240429;102138;309.48;10;10234522193;B
20240429;102139;309.48;870;10234522320;B
20240429;102139;309.48;500;10234522321;B
20240429;102139;309.48;330;10234522322;B
20240429;102139;309.48;20;10234523097;B
20240429;102140;309.47;10;10234523258;S
20240429;102142;309.48;110;10234523952;B
20240429;102145;309.48;20;10234525235;B
20240429;102146;309.48;30;10234525623;B
20240429;102147;309.48;10;10234525758;B
20240429;102150;309.48;480;10234526096;B
20240429;102150;309.48;510;10234526097;B
20240429;102150;309.48;980;10234526098;B
20240429;102150;309.48;880;10234526099;B
20240429;102150;309.48;330;10234526100;B
20240429;102150;309.48;30;10234526101;B
20240429;102150;309.48;30;10234526102;B
20240429;102150;309.48;500;10234526103;B
20240429;102150;309.48;6260;10234526104;B
20240429;102151;309.47;110;10234526392;S
20240429;102152;309.47;50;10234526549;S
20240429;102154;309.47;50;10234526756;S
20240429;102156;309.48;480;10234528977;B
20240429;102200;309.47;1770;10234530062;S
20240429;102200;309.46;210;10234530063;S
20240429;102200;309.46;10;10234530064;S
20240429;102200;309.45;100;10234530065;S
20240429;102200;309.45;1450;10234530066;S
20240429;102200;309.45;50;10234530067;S
20240429;102200;309.44;1680;10234530079;S
20240429;102200;309.44;1580;10234530228;S
20240429;102201;309.44;1590;10234530415;S
20240429;102201;309.44;4190;10234530744;S
20240429;102201;309.41;60;10234530745;S
20240429;102201;309.4;40;10234530746;S
20240429;102201;309.4;3710;10234530747;S
20240429;102201;309.4;6290;10234530750;S
20240429;102201;309.4;50;10234530751;S
20240429;102201;309.4;30;10234530752;S
20240429;102201;309.36;100;10234530757;S
20240429;102201;309.36;450;10234530856;S
20240429;102201;309.33;10;10234530894;S
20240429;102201;309.31;100;10234531041;B
20240429;102201;309.31;510;10234531042;B
20240429;102201;309.31;330;10234531043;B
20240429;102201;309.3;1000;10234531081;S
20240429;102201;309.28;300;10234531141;B
20240429;102201;309.27;10;10234531206;S
20240429;102201;309.27;10;10234531207;S
20240429;102201;309.27;50;10234531208;S
20240429;102201;309.26;20;10234531209;S
20240429;102201;309.25;20;10234531210;S
20240429;102201;309.24;10;10234531211;S
20240429;102201;309.24;20;10234531212;S
20240429;102202;309.24;30;10234531265;S
20240429;102202;309.24;50;10234531266;S
20240429;102202;309.22;10;10234531306;S
20240429;102202;309.22;1000;10234531307;S
20240429;102202;309.21;650;10234531308;S
20240429;102202;309.21;1550;10234531376;S
20240429;102202;309.21;100;10234531488;S
20240429;102202;309.21;100;10234531550;S
20240429;102203;309.21;500;10234531635;S
20240429;102203;309.2;100;10234531654;S
20240429;102204;309.2;150;10234532976;S
20240429;102204;309.2;40;10234532977;S
20240429;102204;309.2;10;10234532978;S
20240429;102204;309.2;10;10234532979;S
20240429;102204;309.2;10;10234532980;S
20240429;102204;309.2;10;10234532981;S
20240429;102204;309.2;10;10234532982;S
20240429;102204;309.2;250;10234532983;S
20240429;102205;309.19;10;10234533474;S
20240429;102205;309.19;10;10234533475;S
20240429;102206;309.2;10;10234533885;B
20240429;102207;309.2;200;10234534581;B
20240429;102207;309.2;300;10234534647;B
20240429;102207;309.2;760;10234534648;B
20240429;102208;309.2;100;10234534824;S
20240429;102209;309.21;200;10234535617;B
20240429;102209;309.21;200;10234535618;B
20240429;102209;309.21;100;10234535619;B
20240429;102209;309.21;100;10234535620;B
20240429;102209;309.21;40;10234535621;B
20240429;102209;309.2;20;10234535686;S
20240429;102210;309.21;10;10234535775;B
20240429;102211;309.21;100;10234536024;B
20240429;102211;309.21;50;10234536034;B
20240429;102211;309.21;200;10234536035;B
20240429;102211;309.21;200;10234536036;B
20240429;102211;309.21;200;10234536037;B
20240429;102211;309.21;200;10234536038;B
20240429;102211;309.21;200;10234536039;B
20240429;102211;309.21;100;10234536040;B
20240429;102211;309.21;100;10234536041;B
20240429;102211;309.21;200;10234536042;B
20240429;102211;309.21;200;10234536043;B
20240429;102211;309.21;200;10234536044;B
20240429;102211;309.21;150;10234536045;B
20240429;102214;309.21;50;10234536919;B
20240429;102214;309.21;20;10234536920;B
20240429;102214;309.21;20;10234536921;B
20240429;102214;309.25;300;10234536922;B
20240429;102216;309.25;10;10234537375;B
20240429;102217;309.24;10;10234537748;S
20240429;102218;309.25;10;10234538404;B
20240429;102218;309.25;180;10234539703;B
20240429;102221;309.27;30;10234540706;B
20240429;102227;309.27;10;10234543483;B
20240429;102228;309.27;10;10234543569;B
20240429;102228;309.27;10;10234544457;B
20240429;102229;309.27;50;10234544511;B
20240429;102230;309.26;50;10234545044;S
20240429;102233;309.26;70;10234546300;S
20240429;102237;309.26;20;10234549090;B
20240429;102238;309.26;180;10234549320;B
20240429;102238;309.25;20;10234549428;S
20240429;102238;309.25;30;10234549429;S
20240429;102239;309.26;10;10234549585;B
20240429;102239;309.24;100;10234549720;S
20240429;102241;309.26;10;10234550591;B
20240429;102241;309.26;170;10234550613;B
20240429;102243;309.26;10;10234551107;B
20240429;102243;309.27;50;10234551210;B
20240429;102243;309.28;50;10234551211;B
20240429;102243;309.32;10;10234551213;B
20240429;102243;309.31;400;10234551215;S
20240429;102243;309.31;100;10234551216;S
20240429;102244;309.34;120;10234551434;B
20240429;102244;309.35;40;10234551562;B
20240429;102248;309.36;20;10234554647;B
20240429;102251;309.35;130;10234555541;B
20240429;102253;309.3;10;10234556564;B
20240429;102253;309.28;870;10234556633;S
20240429;102253;309.27;130;10234556634;S
20240429;102304;309.27;20;10234562331;S
20240429;102304;309.27;300;10234562381;S
20240429;102305;309.26;10;10234562643;S
20240429;102305;309.26;10;10234562644;S
20240429;102305;309.25;80;10234562645;S
20240429;102305;309.26;50;10234562651;B
20240429;102309;309.26;10;10234564568;B
20240429;102309;309.26;10;10234564587;B
20240429;102309;309.26;60;10234564618;B
20240429;102310;309.26;270;10234564900;B
20240429;102310;309.26;30;10234564901;B
20240429;102313;309.25;100;10234567094;S
20240429;102315;309.26;20;10234567789;B
20240429;102317;309.26;950;10234568714;B
20240429;102317;309.26;500;10234568715;B
20240429;102317;309.26;330;10234568716;B
20240429;102317;309.26;510;10234568717;B
20240429;102317;309.26;980;10234568718;B
20240429;102317;309.26;100;10234568719;B
20240429;102317;309.26;740;10234568720;B
20240429;102317;309.26;400;10234568721;B
20240429;102317;309.27;2460;10234568722;B
20240429;102317;309.27;500;10234568723;B
20240429;102317;309.28;500;10234568724;B
20240429;102317;309.28;40;10234568725;B
20240429;102318;309.25;200;10234568961;S
20240429;102319;309.25;20;10234569158;S
20240429;102319;309.25;30;10234569159;S
20240429;102319;309.2;110;10234569160;S
20240429;102319;309.2;10;10234569161;S
20240429;102320;309.2;10;10234569522;B
20240429;102321;309.2;30;10234570807;B
20240429;102321;309.2;10;10234570828;B
20240429;102323;309.2;10;10234571340;B
20240429;102324;309.19;10;10234571488;S
20240429;102324;309.17;350;10234571489;S
20240429;102324;309.15;10;10234571490;S
20240429;102324;309.15;10;10234571491;S
20240429;102324;309.15;230;10234571492;S
20240429;102324;309.14;10;10234571493;S
20240429;102324;309.14;880;10234571494;S
20240429;102324;309.14;400;10234571495;S
20240429;102325;309.14;100;10234573635;S
20240429;102325;309.14;300;10234573636;S
20240429;102325;309.14;100;10234573637;S
20240429;102326;309.13;10;10234574055;S
20240429;102326;309.13;120;10234574056;S
20240429;102326;309.13;900;10234574057;S
20240429;102328;309.13;200;10234574773;S
20240429;102328;309.13;100;10234574774;S
20240429;102328;309.13;100;10234574776;S
20240429;102328;309.13;200;10234574777;S
20240429;102328;309.13;200;10234574778;S
20240429;102328;309.13;200;10234574779;S
20240429;102328;309.13;100;10234574790;S
20240429;102329;309.13;1000;10234575274;S
20240429;102336;309.12;70;10234578538;S
20240429;102340;309.13;40;10234579295;B
20240429;102343;309.13;100;10234579796;B
20240429;102344;309.13;260;10234580822;B
20240429;102344;309.17;740;10234580823;B
20240429;102344;309.16;60;10234581091;B
20240429;102345;309.17;50;10234582165;B
20240429;102345;309.17;130;10234582166;B
20240429;102345;309.17;50;10234582214;B
20240429;102345;309.17;50;10234582226;B
20240429;102345;309.17;90;10234582299;B
20240429;102345;309.18;140;10234582326;B
20240429;102345;309.18;180;10234582327;B
20240429;102345;309.18;70;10234582328;B
20240429;102345;309.18;110;10234582329;B
20240429;102345;309.19;50;10234582330;B
20240429;102345;309.19;60;10234582331;B
20240429;102345;309.19;50;10234582332;B
20240429;102345;309.19;60;10234582334;B
20240429;102345;309.19;340;10234582335;B
20240429;102345;309.19;120;10234582336;B
20240429;102345;309.19;70;10234582337;B
20240429;102345;309.19;50;10234582338;B
20240429;102345;309.19;50;10234582339;B
20240429;102345;309.2;50;10234582340;B
20240429;102345;309.2;100;10234582341;B
20240429;102345;309.2;140;10234582342;B
20240429;102345;309.2;150;10234582343;B
20240429;102345;309.2;60;10234582344;B
20240429;102345;309.2;60;10234582345;B
20240429;102345;309.2;70;10234582346;B
20240429;102345;309.2;90;10234582348;B
20240429;102345;309.19;500;10234582350;S
20240429;102345;309.2;60;10234582352;B
20240429;102345;309.2;80;10234582359;B
20240429;102345;309.2;60;10234582361;B
20240429;102345;309.2;80;10234582362;B
20240429;102346;309.2;50;10234582747;B
20240429;102347;309.19;400;10234582909;B
20240429;102348;309.19;400;10234583221;S
20240429;102353;309.19;10;10234584452;S
20240429;102355;309.2;40;10234585806;B
20240429;102356;309.19;100;10234586568;S
20240429;102402;309.2;10;10234588546;B
20240429;102403;309.2;20;10234588592;B
20240429;102405;309.19;10;10234589267;S
20240429;102405;309.19;10;10234589314;S
20240429;102405;309.19;10;10234589340;S
20240429;102406;309.19;400;10234589590;S
20240429;102406;309.2;4750;10234589709;B
20240429;102408;309.2;10;10234589961;B
20240429;102409;309.2;10;10234591952;B
20240429;102410;309.2;10;10234592073;B
