<DATE>;<TIME>;<LAST>;<VOL>;<ID>;<OPER>
20240228;095932;292.6;40;9707821965;S
20240228;095932;292.6;60;9707821966;S
20240228;095932;292.6;100;9707821967;S
20240228;095932;292.6;70;9707821968;S
20240228;095932;292.6;370;9707821969;S
20240228;095932;292.6;80;9707821970;S
20240228;095932;292.6;1000;9707821971;S
20240228;095932;292.6;20;9707821972;S
20240228;095932;292.6;10;9707821973;S
20240228;095932;292.6;20;9707821974;S
20240228;095932;292.6;1400;9707821975;S
20240228;095932;292.6;50;9707821976;S
20240228;095932;292.6;50;9707821977;S
20240228;095932;292.6;30;9707821978;S
20240228;095932;292.6;10;9707821979;S
20240228;095932;292.6;40;9707821980;S
20240228;095932;292.6;10;9707821981;S
20240228;095932;292.6;750;9707821982;S
20240228;095932;292.6;30;9707821983;S
20240228;095932;292.6;70;9707821984;S
20240228;095932;292.6;1040;9707821985;S
20240228;095932;292.6;120;9707821986;S
20240228;095932;292.6;10;9707821987;S
20240228;095932;292.6;40;9707821988;S
20240228;095932;292.6;50;9707821989;S
20240228;095932;292.6;10;9707821990;S
20240228;095932;292.6;50;9707821991;S
20240228;095932;292.6;20;9707821992;S
20240228;095932;292.6;10;9707821993;S
20240228;095932;292.6;10;9707821994;S
20240228;095932;292.6;10;9707821995;S
20240228;095932;292.6;10;9707821996;S
20240228;095932;292.6;20;9707821997;S
20240228;095932;292.6;50;9707821998;S
20240228;095932;292.6;2500;9707821999;S
20240228;095932;292.6;20;9707822000;S
20240228;095932;292.6;60;9707822001;S
20240228;095932;292.6;10;9707822002;S
20240228;095932;292.6;3000;9707822003;S
20240228;095932;292.6;4300;9707822004;S
20240228;095932;292.6;20;9707822005;S
20240228;095932;292.6;70;9707822006;S
20240228;095932;292.6;10;9707822007;S
20240228;095932;292.6;10;9707822008;S
20240228;095932;292.6;2250;9707822009;S
20240228;095932;292.6;10;9707822010;S
20240228;095932;292.6;240;9707822011;S
20240228;095932;292.6;10;9707822012;S
20240228;095932;292.6;20;9707822013;S
20240228;095932;292.6;20;9707822014;S
20240228;095932;292.6;10;9707822015;S
20240228;095932;292.6;20;9707822016;S
20240228;095932;292.6;170;9707822017;S
20240228;095932;292.6;10;9707822018;S
20240228;095932;292.6;50;9707822019;S
20240228;095932;292.6;20;9707822020;S
20240228;095932;292.6;40;9707822021;S
20240228;095932;292.6;10;9707822022;S
20240228;095932;292.6;130;9707822023;S
20240228;095932;292.6;10;9707822024;S
20240228;095932;292.6;500;9707822025;S
20240228;095932;292.6;20;9707822026;S
20240228;095932;292.6;20;9707822027;S
20240228;095932;292.6;20;9707822028;S
20240228;095932;292.6;170;9707822029;S
20240228;095932;292.6;50;9707822030;S
20240228;095932;292.6;10;9707822031;S
20240228;095932;292.6;20;9707822032;S
20240228;095932;292.6;520;9707822033;S
20240228;095932;292.6;140;9707822034;S
20240228;095932;292.6;10;9707822035;S
20240228;095932;292.6;500;9707822036;S
20240228;095932;292.6;1830;9707822037;S
20240228;095932;292.6;10;9707822038;S
20240228;095932;292.6;10;9707822039;S
20240228;095932;292.6;30;9707822040;S
20240228;095932;292.6;10;9707822041;S
20240228;095932;292.6;10;9707822042;S
20240228;095932;292.6;50;9707822043;S
20240228;095932;292.6;1000;9707822044;S
20240228;095932;292.6;200;9707822045;S
20240228;095932;292.6;10;9707822046;S
20240228;095932;292.6;150;9707822047;S
20240228;095932;292.6;10;9707822048;S
20240228;095932;292.6;530;9707822049;S
20240228;095932;292.6;500;9707822050;S
20240228;095932;292.6;1470;9707822051;S
20240228;095932;292.6;100;9707822052;S
20240228;095932;292.6;150;9707822053;S
20240228;095932;292.6;100;9707822054;S
20240228;095932;292.6;100;9707822055;S
20240228;095932;292.6;70;9707822056;S
20240228;095932;292.6;20;9707822057;S
20240228;095932;292.6;20;9707822058;S
20240228;095932;292.6;970;9707822059;S
20240228;095932;292.6;30;9707822060;S
20240228;095932;292.6;40;9707822061;S
20240228;095932;292.6;10;9707822062;S
20240228;095932;292.6;100;9707822063;S
20240228;095932;292.6;60;9707822064;S
20240228;095932;292.6;10;9707822065;S
20240228;095932;292.6;10;9707822066;B
20240228;095932;292.6;10;9707822067;B
20240228;095932;292.6;410;9707822068;S
20240228;095932;292.6;710;9707822069;S
20240228;095932;292.6;40;9707822070;S
20240228;095932;292.6;100;9707822071;S
20240228;095932;292.6;30;9707822072;S
20240228;095932;292.6;1000;9707822073;S
20240228;095932;292.6;170;9707822074;B
20240228;095932;292.6;80;9707822075;S
20240228;095932;292.6;1000;9707822076;B
20240228;095932;292.6;10;9707822077;B
20240228;095932;292.6;460;9707822078;B
20240228;095932;292.6;500;9707822079;B
20240228;095932;292.6;200;9707822080;B
20240228;095932;292.6;50;9707822081;B
20240228;095932;292.6;650;9707822082;B
20240228;095932;292.6;10;9707822083;B
20240228;095932;292.6;10;9707822084;B
20240228;095932;292.6;330;9707822085;B
20240228;095932;292.6;3000;9707822086;B
20240228;095932;292.6;10;9707822087;B
20240228;095932;292.6;660;9707822088;S
20240228;095932;292.6;2000;9707822089;B
20240228;095932;292.6;340;9707822090;B
20240228;095932;292.6;10;9707822091;B
20240228;095932;292.6;650;9707822092;B
20240228;095932;292.6;50;9707822093;B
20240228;095932;292.6;400;9707822094;B
20240228;095932;292.6;750;9707822095;B
20240228;095932;292.6;30;9707822096;B
20240228;095932;292.6;60;9707822097;B
20240228;095932;292.6;1100;9707822098;B
20240228;095932;292.6;1000;9707822099;B
20240228;095932;292.6;10;9707822100;B
20240228;095932;292.6;100;9707822101;B
20240228;095932;292.6;100;9707822102;B
20240228;095932;292.6;10;9707822103;B
20240228;095932;292.6;1000;9707822104;B
20240228;095932;292.6;10;9707822105;B
20240228;095932;292.6;50;9707822106;B
20240228;095932;292.6;50;9707822107;B
20240228;095932;292.6;4270;9707822108;B
20240228;095932;292.6;10;9707822109;B
20240228;095932;292.6;100;9707822110;B
20240228;095932;292.6;100;9707822111;B
20240228;095932;292.6;100;9707822112;B
20240228;095932;292.6;1000;9707822113;B
20240228;095932;292.6;10;9707822114;B
20240228;095932;292.6;150;9707822115;B
20240228;095932;292.6;10;9707822116;B
20240228;095932;292.6;10;9707822117;B
20240228;095932;292.6;2000;9707822118;B
20240228;095932;292.6;10;9707822119;S
20240228;095932;292.6;100;9707822120;B
20240228;095932;292.6;10;9707822121;B
20240228;095932;292.6;100;9707822122;B
20240228;095932;292.6;50;9707822123;B
20240228;095932;292.6;40;9707822124;B
20240228;095932;292.6;10;9707822125;S
20240228;095932;292.6;80;9707822126;S
20240228;095932;292.6;20;9707822127;S
20240228;095932;292.6;30;9707822128;S
20240228;095932;292.6;30;9707822129;S
20240228;095932;292.6;250;9707822130;S
20240228;095932;292.6;10;9707822131;S
20240228;095932;292.6;10;9707822132;S
20240228;095932;292.6;10;9707822133;S
20240228;095932;292.6;13630;9707822134;S
20240228;095932;292.6;10;9707822135;S
20240228;095932;292.6;10;9707822136;S
20240228;095932;292.6;20;9707822137;S
20240228;095932;292.6;20;9707822138;S
20240228;095932;292.6;30;9707822139;S
20240228;095932;292.6;340;9707822140;S
20240228;095932;292.6;100;9707822141;B
20240228;095932;292.6;30;9707822142;B
20240228;095932;292.6;50;9707822143;B
20240228;095932;292.6;20;9707822144;S
20240228;095932;292.6;10;9707822145;S
20240228;095932;292.6;10;9707822146;S
20240228;095932;292.6;5000;9707822147;B
20240228;095932;292.6;10;9707822148;B
20240228;095932;292.6;20;9707822149;B
20240228;095932;292.6;20;9707822150;B
20240228;095932;292.6;20;9707822151;B
20240228;095932;292.6;40;9707822152;B
20240228;095932;292.6;40;9707822153;B
20240228;095932;292.6;400;9707822154;B
20240228;095932;292.6;10;9707822155;B
20240228;095932;292.6;1910;9707822156;B
20240228;095932;292.6;20;9707822157;B
20240228;095932;292.6;50;9707822158;S
20240228;095932;292.6;300;9707822159;S
20240228;095932;292.6;500;9707822160;B
20240228;095932;292.6;500;9707822161;B
20240228;095932;292.6;90;9707822162;B
20240228;095932;292.6;500;9707822163;B
20240228;095932;292.6;10;9707822164;S
20240228;095932;292.6;250;9707822165;B
20240228;095932;292.6;250;9707822166;B
20240228;095932;292.6;20;9707822167;B
20240228;095932;292.6;40;9707822168;B
20240228;095932;292.6;200;9707822169;B
20240228;095932;292.6;500;9707822170;B
20240228;095932;292.6;250;9707822171;B
20240228;095932;292.6;250;9707822172;B
20240228;095932;292.6;100;9707822173;B
20240228;095932;292.6;2300;9707822174;B
20240228;095932;292.6;4700;9707822175;B
20240228;095932;292.6;30;9707822176;B
20240228;095932;292.6;250;9707822177;B
20240228;095932;292.6;10;9707822178;S
20240228;095932;292.6;240;9707822179;B
20240228;095932;292.6;10;9707822180;S
20240228;095932;292.6;50;9707822181;S
20240228;095932;292.6;200;9707822182;S
20240228;095932;292.6;250;9707822183;S
20240228;095932;292.6;20;9707822184;B
20240228;095932;292.6;500;9707822185;S
20240228;095932;292.6;10;9707822186;S
20240228;095932;292.6;10;9707822187;S
20240228;095932;292.6;450;9707822188;B
20240228;095932;292.6;270;9707822189;S
20240228;095932;292.6;250;9707822190;S
20240228;095932;292.6;40;9707822191;S
20240228;095932;292.6;210;9707822192;S
20240228;095932;292.6;40;9707822193;S
20240228;095932;292.6;10;9707822194;B
20240228;095932;292.6;1080;9707822195;B
20240228;095932;292.6;400;9707822196;B
20240228;095932;292.6;10;9707822197;B
20240228;095932;292.6;370;9707822198;S
20240228;095932;292.6;620;9707822199;S
20240228;095932;292.6;20;9707822200;S
20240228;095932;292.6;20;9707822201;S
20240228;095932;292.6;20;9707822202;S
20240228;095932;292.6;110;9707822203;S
20240228;095932;292.6;20;9707822204;B
20240228;095932;292.6;80;9707822205;B
20240228;095932;292.6;120;9707822206;B
20240228;095932;292.6;40;9707822207;B
20240228;095932;292.6;10;9707822208;B
20240228;095932;292.6;3600;9707822209;S
20240228;095932;292.6;3400;9707822210;S
20240228;095932;292.6;1040;9707822211;S
20240228;095932;292.6;10;9707822212;S
20240228;095932;292.6;400;9707822213;S
20240228;095932;292.6;400;9707822214;B
20240228;095932;292.6;10;9707822215;B
20240228;095932;292.6;10;9707822216;B
20240228;095932;292.6;10;9707822217;B
20240228;095932;292.6;10;9707822218;B
20240228;095932;292.6;10;9707822219;B
20240228;095932;292.6;90;9707822220;B
20240228;095932;292.6;20;9707822221;B
20240228;095932;292.6;20;9707822222;B
20240228;095932;292.6;200;9707822223;B
20240228;095932;292.6;10;9707822224;B
20240228;095932;292.6;40;9707822225;B
20240228;095932;292.6;20;9707822226;B
20240228;095932;292.6;70;9707822227;B
20240228;095932;292.6;180;9707822228;B
20240228;095932;292.6;20;9707822229;B
20240228;095932;292.6;1570;9707822230;B
20240228;095932;292.6;10;9707822231;B
20240228;095932;292.6;50;9707822232;B
20240228;095932;292.6;50;9707822233;B
20240228;095932;292.6;10;9707822234;S
20240228;095932;292.6;10;9707822235;B
20240228;095932;292.6;10;9707822236;B
20240228;095932;292.6;500;9707822237;B
20240228;095932;292.6;40;9707822238;B
20240228;095932;292.6;20;9707822239;B
20240228;095932;292.6;30;9707822240;B
20240228;095932;292.6;30;9707822241;B
20240228;095932;292.6;30;9707822242;B
20240228;095932;292.6;750;9707822243;B
20240228;095932;292.6;30;9707822244;B
20240228;095932;292.6;30;9707822245;B
20240228;095932;292.6;10;9707822246;B
20240228;095932;292.6;950;9707822247;B
20240228;095932;292.6;10;9707822248;B
20240228;095932;292.6;130;9707822249;S
20240228;095932;292.6;10;9707822250;B
20240228;095932;292.6;120;9707822251;B
20240228;095932;292.6;5300;9707822252;B
20240228;095932;292.6;3800;9707822253;B
20240228;095932;292.6;100;9707822254;B
20240228;095932;292.6;2570;9707822255;B
20240228;095932;292.6;80;9707822256;B
20240228;095932;292.6;200;9707822257;S
20240228;100000;292.61;400;9707828761;S
20240228;100000;292.61;300;9707828762;S
20240228;100000;292.62;30;9707828783;B
20240228;100000;292.62;30;9707828784;B
20240228;100000;292.64;940;9707828785;B
20240228;100000;292.64;60;9707828807;B
20240228;100000;292.64;10;9707828808;B
20240228;100000;292.65;30;9707828809;B
20240228;100000;292.65;470;9707828829;B
20240228;100000;292.65;30;9707828830;B
20240228;100000;292.65;20;9707828861;B
20240228;100000;292.65;10;9707828862;B
20240228;100000;292.65;10;9707828863;B
20240228;100000;292.66;30;9707828864;B
20240228;100000;292.66;70;9707828959;B
20240228;100000;292.69;30;9707828960;B
20240228;100000;292.69;870;9707828961;B
20240228;100000;292.7;30;9707828962;B
20240228;100000;292.67;2290;9707829045;S
20240228;100000;292.66;250;9707829046;S
20240228;100000;292.62;30;9707829113;S
20240228;100001;292.61;400;9707829226;B
20240228;100001;292.61;5000;9707829278;B
20240228;100001;292.62;480;9707829303;B
20240228;100001;292.64;520;9707829304;B
20240228;100001;292.67;570;9707829310;B
20240228;100001;292.68;430;9707829311;B
20240228;100001;292.68;140;9707829399;B
20240228;100001;292.69;50;9707829400;B
20240228;100001;292.69;10;9707829430;B
20240228;100001;292.69;510;9707829463;B
20240228;100001;292.69;1020;9707829464;B
20240228;100001;292.69;400;9707829465;B
20240228;100001;292.7;1140;9707829466;B
20240228;100001;292.7;140;9707829467;B
20240228;100001;292.7;30;9707829468;B
20240228;100001;292.7;570;9707829469;B
20240228;100001;292.71;10;9707829470;B
20240228;100001;292.71;570;9707829471;B
20240228;100001;292.72;570;9707829472;B
20240228;100001;292.72;400;9707829473;S
20240228;100001;292.72;1000;9707829474;S
20240228;100001;292.73;10;9707829481;B
20240228;100001;292.73;40;9707829491;B
20240228;100001;292.73;30;9707829492;B
20240228;100001;292.73;130;9707829493;B
20240228;100001;292.73;60;9707829694;B
20240228;100001;292.73;200;9707829803;B
20240228;100001;292.73;10;9707829900;B
20240228;100001;292.73;600;9707829977;B
20240228;100001;292.74;570;9707829978;B
20240228;100001;292.75;10;9707829979;B
20240228;100001;292.75;30;9707829980;B
20240228;100001;292.75;570;9707829981;B
20240228;100001;292.76;570;9707829982;B
20240228;100001;292.77;100;9707829983;B
20240228;100001;292.77;570;9707829984;B
20240228;100001;292.78;30;9707829985;B
20240228;100001;292.78;1000;9707829986;B
20240228;100001;292.78;570;9707829987;B
20240228;100001;292.79;570;9707829988;B
20240228;100001;292.8;10;9707829989;B
20240228;100001;292.8;4800;9707829990;B
20240228;100001;292.75;400;9707830008;S
20240228;100001;292.74;350;9707830009;S
20240228;100001;292.73;200;9707830010;S
20240228;100002;292.75;50;9707830061;S
20240228;100002;292.78;570;9707830088;B
20240228;100002;292.79;4270;9707830089;B
20240228;100002;292.79;160;9707830090;B
20240228;100002;292.78;100;9707830197;S
20240228;100002;292.8;1200;9707830244;B
20240228;100002;292.8;250;9707830245;B
20240228;100002;292.8;70;9707830246;B
20240228;100002;292.8;50;9707830247;B
20240228;100002;292.8;3230;9707830248;B
20240228;100002;292.8;250;9707830249;B
20240228;100002;292.8;570;9707830250;B
20240228;100002;292.81;10;9707830251;B
20240228;100002;292.81;30;9707830252;B
20240228;100002;292.81;10;9707830253;B
20240228;100002;292.81;570;9707830254;B
20240228;100002;292.82;100;9707830255;B
20240228;100002;292.82;570;9707830256;B
20240228;100002;292.82;400;9707830257;B
20240228;100002;292.83;570;9707830258;B
20240228;100002;292.83;1000;9707830259;S
20240228;100002;292.83;1000;9707830260;S
20240228;100002;292.83;1000;9707830261;S
20240228;100002;292.83;1000;9707830263;S
20240228;100002;292.84;230;9707830264;S
20240228;100002;292.83;770;9707830265;S
20240228;100002;292.83;1000;9707830267;S
20240228;100002;292.83;1000;9707830269;S
20240228;100002;292.84;350;9707830270;S
20240228;100002;292.83;650;9707830271;S
20240228;100002;292.83;1000;9707830274;S
20240228;100002;292.83;1000;9707830276;S
20240228;100002;292.84;10;9707830364;S
20240228;100002;292.83;1000;9707830438;S
20240228;100002;292.83;100;9707830439;S
20240228;100002;292.83;1170;9707830484;S
20240228;100002;292.84;400;9707830513;B
20240228;100002;292.85;40;9707830514;B
20240228;100002;292.85;30;9707830515;B
20240228;100002;292.85;30;9707830516;B
20240228;100002;292.84;400;9707830525;B
20240228;100002;292.85;20;9707830526;B
20240228;100002;292.85;570;9707830527;B
20240228;100002;292.85;740;9707830528;B
20240228;100002;292.85;2500;9707830529;B
20240228;100002;292.86;40;9707830530;B
20240228;100002;292.86;570;9707830531;B
20240228;100002;292.87;10;9707830532;B
20240228;100002;292.87;50;9707830533;B
20240228;100002;292.87;100;9707830534;B
20240228;100002;292.83;10;9707830538;S
20240228;100002;292.86;10;9707830563;B
20240228;100002;292.86;390;9707830702;B
20240228;100002;292.86;570;9707830703;B
20240228;100002;292.86;1110;9707830704;B
20240228;100002;292.87;100;9707830705;B
20240228;100002;292.87;500;9707830706;B
20240228;100002;292.87;570;9707830707;B
20240228;100002;292.88;10;9707830708;B
20240228;100002;292.88;170;9707830709;B
20240228;100002;292.88;30;9707830710;B
20240228;100002;292.88;5000;9707830711;B
20240228;100002;292.88;500;9707830712;B
20240228;100002;292.88;570;9707830713;B
20240228;100002;292.89;15480;9707830714;B
20240228;100002;292.86;1000;9707830752;S
20240228;100002;292.86;1000;9707830753;S
20240228;100002;292.85;400;9707830765;B
20240228;100002;292.86;1000;9707830766;B
20240228;100002;292.86;1000;9707830767;B
20240228;100002;292.86;1000;9707830768;B
20240228;100002;292.86;1000;9707830769;B
20240228;100002;292.86;600;9707830770;B
20240228;100002;292.85;400;9707830888;B
20240228;100002;292.85;100;9707830889;B
20240228;100002;292.85;2500;9707830890;B
20240228;100002;292.85;10;9707830891;B
20240228;100002;292.86;400;9707830892;B
20240228;100002;292.86;1000;9707830893;B
20240228;100002;292.89;4520;9707830894;B
20240228;100002;292.89;20;9707830895;B
20240228;100002;292.89;1850;9707830896;B
20240228;100002;292.89;1120;9707830897;B
20240228;100002;292.89;900;9707830898;B
20240228;100002;292.89;5000;9707830899;B
20240228;100002;292.89;600;9707830900;B
20240228;100002;292.89;350;9707830901;B
20240228;100002;292.89;100;9707830902;B
20240228;100002;292.89;570;9707830903;B
20240228;100002;292.9;150;9707830904;B
20240228;100002;292.9;30;9707830905;B
20240228;100002;292.9;10;9707830906;B
20240228;100002;292.9;20;9707830907;B
20240228;100002;292.9;250;9707830908;B
20240228;100002;292.9;100;9707830909;B
20240228;100002;292.84;250;9707830910;S
20240228;100002;292.84;750;9707830911;S
20240228;100003;292.84;400;9707831005;B
20240228;100003;292.84;100;9707831029;B
20240228;100003;292.84;500;9707831081;B
20240228;100003;292.84;570;9707831082;B
20240228;100003;292.83;350;9707831121;S
20240228;100003;292.83;30;9707831122;S
20240228;100003;292.83;120;9707831152;S
20240228;100003;292.83;200;9707831153;S
20240228;100003;292.81;150;9707831154;S
20240228;100003;292.8;570;9707831155;S
20240228;100003;292.79;570;9707831156;S
20240228;100003;292.78;570;9707831157;S
20240228;100003;292.78;100;9707831158;S
20240228;100003;292.77;570;9707831159;S
20240228;100003;292.76;570;9707831160;S
20240228;100003;292.76;10;9707831161;S
20240228;100003;292.75;70;9707831162;S
20240228;100003;292.76;40;9707831167;B
20240228;100003;292.83;60;9707831168;B
20240228;100003;292.84;100;9707831170;B
20240228;100003;292.84;100;9707831236;B
20240228;100003;292.84;130;9707831296;B
20240228;100003;292.8;10;9707831298;S
20240228;100003;292.8;170;9707831304;B
20240228;100003;292.81;10;9707831336;B
20240228;100003;292.81;10;9707831363;B
20240228;100003;292.8;10;9707831365;S
20240228;100003;292.8;10;9707831416;S
20240228;100003;292.81;80;9707831444;B
20240228;100003;292.84;100;9707831445;B
20240228;100003;292.84;520;9707831446;B
20240228;100003;292.84;10;9707831471;B
20240228;100003;292.8;10;9707831483;S
20240228;100003;292.8;30;9707831484;S
20240228;100003;292.8;150;9707831485;S
20240228;100004;292.81;160;9707831582;S
20240228;100004;292.81;100;9707831583;S
20240228;100004;292.81;30;9707831584;S
20240228;100004;292.8;60;9707831585;S
20240228;100004;292.8;300;9707831626;S
20240228;100004;292.79;400;9707831627;S
20240228;100004;292.78;30;9707831628;S
20240228;100004;292.78;1230;9707831629;S
20240228;100004;292.82;20;9707831702;B
20240228;100004;292.8;40;9707831703;S
20240228;100004;292.82;10;9707831704;B
20240228;100004;292.82;10;9707831705;B
20240228;100004;292.82;10;9707831706;B
20240228;100004;292.82;10;9707831707;B
20240228;100004;292.82;10;9707831708;B
20240228;100004;292.8;160;9707831932;S
20240228;100004;292.79;90;9707831933;S
20240228;100004;292.79;10;9707831934;S
20240228;100004;292.78;90;9707831935;S
20240228;100004;292.78;40;9707831939;S
20240228;100004;292.82;500;9707831940;B
20240228;100004;292.83;100;9707831941;B
20240228;100004;292.83;400;9707831942;B
20240228;100005;292.79;10;9707832197;S
20240228;100005;292.83;30;9707832200;B
20240228;100005;292.83;140;9707832201;B
20240228;100005;292.84;470;9707832202;B
20240228;100005;292.84;150;9707832203;B
20240228;100005;292.79;10;9707832204;S
20240228;100005;292.84;10;9707832205;B
20240228;100005;292.84;340;9707832207;B
20240228;100005;292.79;60;9707832427;S
20240228;100005;292.79;10;9707832494;S
20240228;100005;292.79;10;9707832496;S
20240228;100005;292.79;10;9707832497;S
20240228;100005;292.79;310;9707832498;S
20240228;100005;292.78;340;9707832499;S
20240228;100005;292.77;790;9707832500;S
20240228;100005;292.76;350;9707832501;S
20240228;100005;292.76;1020;9707832502;S
20240228;100005;292.75;100;9707832503;S
20240228;100005;292.75;600;9707832504;S
20240228;100005;292.75;120;9707832505;S
20240228;100005;292.74;570;9707832506;S
20240228;100005;292.73;570;9707832507;S
20240228;100005;292.73;350;9707832508;S
20240228;100005;292.72;14880;9707832509;S
20240228;100005;292.81;10;9707832510;B
20240228;100005;292.73;10;9707832677;S
20240228;100005;292.8;30;9707832680;B
20240228;100005;292.73;10;9707832703;S
20240228;100005;292.8;40;9707832705;B
20240228;100005;292.8;10;9707832706;B
20240228;100005;292.73;10;9707832708;S
20240228;100005;292.73;370;9707832709;S
20240228;100005;292.73;1030;9707832710;S
20240228;100005;292.74;10;9707832748;S
20240228;100005;292.74;60;9707832753;S
20240228;100005;292.73;10;9707832915;S
20240228;100005;292.8;270;9707832916;B
20240228;100005;292.8;570;9707832917;B
20240228;100005;292.81;160;9707832918;B
20240228;100005;292.81;10;9707832919;B
20240228;100005;292.81;100;9707832920;B
20240228;100005;292.81;90;9707833005;B
20240228;100005;292.81;10;9707833093;B
20240228;100005;292.79;10;9707833342;S
20240228;100005;292.81;10;9707833347;B
20240228;100005;292.74;20;9707833351;S
20240228;100005;292.81;40;9707833352;B
20240228;100005;292.81;400;9707833353;B
20240228;100005;292.82;10;9707833354;B
20240228;100005;292.82;570;9707833355;B
20240228;100005;292.82;90;9707833356;B
20240228;100005;292.83;570;9707833357;B
20240228;100005;292.83;20;9707833358;B
20240228;100006;292.84;20;9707833704;B
20240228;100006;292.74;10;9707833705;S
20240228;100006;292.74;240;9707833706;S
20240228;100006;292.84;10;9707833707;B
20240228;100006;292.73;570;9707833748;S
20240228;100006;292.73;400;9707833749;S
20240228;100006;292.73;40;9707833750;S
20240228;100006;292.73;2500;9707833751;S
20240228;100006;292.72;1490;9707833752;S
20240228;100006;292.81;10;9707833893;B
20240228;100006;292.79;10;9707833993;B
20240228;100006;292.78;10;9707833995;B
20240228;100006;292.79;100;9707834002;B
20240228;100006;292.8;10;9707834165;B
20240228;100006;292.8;10;9707834448;B
20240228;100006;292.8;40;9707834449;B
20240228;100006;292.8;50;9707834450;B
20240228;100006;292.73;20;9707834451;S
20240228;100006;292.73;10;9707834460;S
20240228;100006;292.8;20;9707834474;B
20240228;100006;292.8;10;9707834576;B
20240228;100006;292.8;10;9707834577;B
20240228;100006;292.73;10;9707834578;S
20240228;100006;292.73;120;9707834581;S
20240228;100006;292.8;880;9707834612;B
20240228;100006;292.8;350;9707834613;B
20240228;100006;292.81;570;9707834614;B
20240228;100006;292.81;290;9707834615;B
20240228;100007;292.73;40;9707834691;S
20240228;100007;292.79;20;9707834800;B
20240228;100007;292.78;10;9707834991;B
20240228;100007;292.73;20;9707834992;S
20240228;100007;292.73;10;9707834993;S
20240228;100007;292.79;1010;9707835053;B
20240228;100007;292.79;350;9707835054;B
20240228;100007;292.79;350;9707835055;B
20240228;100007;292.8;10;9707835056;B
20240228;100007;292.8;280;9707835057;B
20240228;100007;292.73;400;9707835076;S
20240228;100007;292.72;1990;9707835077;S
20240228;100008;292.72;10;9707835334;S
20240228;100008;292.72;5270;9707835335;S
20240228;100008;292.72;2000;9707835336;S
20240228;100008;292.72;400;9707835337;S
20240228;100008;292.71;570;9707835338;S
20240228;100008;292.7;100;9707835339;S
20240228;100008;292.7;700;9707835340;S
20240228;100008;292.7;570;9707835341;S
20240228;100008;292.69;570;9707835342;S
20240228;100008;292.68;570;9707835343;S
20240228;100008;292.67;570;9707835344;S
20240228;100008;292.67;10;9707835346;B
20240228;100008;292.67;10;9707835375;B
20240228;100008;292.67;30;9707835394;B
20240228;100008;292.63;570;9707835408;S
20240228;100008;292.62;100;9707835409;S
20240228;100008;292.62;70;9707835410;S
20240228;100008;292.66;100;9707835428;B
20240228;100008;292.62;100;9707835467;S
20240228;100008;292.65;260;9707835489;B
20240228;100008;292.65;40;9707835490;B
20240228;100008;292.62;400;9707835502;S
20240228;100008;292.61;2000;9707835503;S
20240228;100008;292.61;570;9707835504;S
20240228;100008;292.6;2020;9707835505;S
20240228;100008;292.62;10;9707835538;S
20240228;100008;292.61;570;9707835539;S
20240228;100009;292.6;10;9707835613;S
20240228;100009;292.6;230;9707835614;S
20240228;100009;292.6;100;9707835615;S
20240228;100009;292.6;160;9707835616;S
20240228;100009;292.61;10;9707835646;B
20240228;100009;292.61;130;9707835666;B
20240228;100009;292.6;340;9707835699;S
20240228;100009;292.6;1000;9707835700;S
20240228;100009;292.6;40;9707835701;S
20240228;100009;292.6;40;9707835702;S
20240228;100009;292.6;10;9707835703;S
20240228;100009;292.6;20;9707835704;S
20240228;100009;292.6;20;9707835705;S
20240228;100009;292.6;240;9707835706;S
20240228;100009;292.6;3260;9707835721;S
20240228;100009;292.6;1020;9707835722;S
20240228;100009;292.59;250;9707835723;S
20240228;100009;292.59;470;9707835724;S
20240228;100010;292.6;400;9707835873;B
20240228;100010;292.61;100;9707835874;B
20240228;100010;292.62;100;9707835875;B
20240228;100010;292.63;80;9707835876;B
20240228;100010;292.64;90;9707835877;B
20240228;100010;292.61;10;9707835892;B
20240228;100010;292.58;10;9707835921;S
20240228;100010;292.61;70;9707835940;B
20240228;100010;292.6;170;9707835976;B
20240228;100010;292.59;190;9707836036;B
20240228;100010;292.59;30;9707836049;B
20240228;100010;292.58;90;9707836074;S
20240228;100010;292.58;50;9707836075;S
20240228;100010;292.57;10;9707836076;S
20240228;100010;292.56;10;9707836077;S
20240228;100010;292.56;10;9707836078;S
20240228;100010;292.56;570;9707836079;S
20240228;100010;292.56;10;9707836080;S
20240228;100010;292.55;80;9707836081;S
20240228;100010;292.55;100;9707836082;S
20240228;100010;292.55;20;9707836083;S
20240228;100010;292.55;370;9707836084;S
20240228;100010;292.55;700;9707836085;S
20240228;100010;292.55;10;9707836086;S
20240228;100010;292.55;10;9707836087;S
20240228;100010;292.55;50;9707836088;S
20240228;100010;292.55;2100;9707836089;S
20240228;100010;292.55;70;9707836090;S
20240228;100010;292.55;570;9707836091;S
20240228;100010;292.54;60;9707836092;S
20240228;100010;292.54;280;9707836093;S
20240228;100010;292.54;100;9707836094;S
20240228;100010;292.54;50;9707836095;S
20240228;100010;292.54;250;9707836096;S
20240228;100010;292.54;570;9707836097;S
20240228;100010;292.54;400;9707836098;S
20240228;100010;292.53;100;9707836099;S
20240228;100010;292.53;10;9707836100;S
20240228;100010;292.53;20;9707836101;S
20240228;100010;292.53;200;9707836102;S
20240228;100010;292.53;340;9707836103;S
20240228;100010;292.53;10;9707836104;S
20240228;100010;292.53;310;9707836105;S
20240228;100010;292.53;20;9707836106;S
20240228;100010;292.53;570;9707836107;S
20240228;100010;292.52;4000;9707836108;S
20240228;100010;292.52;10;9707836109;S
20240228;100010;292.52;10;9707836110;S
20240228;100010;292.52;10;9707836111;S
20240228;100010;292.52;100;9707836112;S
20240228;100010;292.52;10;9707836113;S
20240228;100010;292.52;10;9707836114;S
20240228;100010;292.52;3420;9707836115;S
20240228;100010;292.52;10;9707836116;S
20240228;100010;292.52;10;9707836117;S
20240228;100010;292.52;10;9707836118;S
20240228;100010;292.52;170;9707836119;S
20240228;100010;292.52;4110;9707836120;S
20240228;100010;292.53;400;9707836126;S
20240228;100010;292.52;1110;9707836127;S
20240228;100010;292.59;10;9707836129;B
20240228;100010;292.53;180;9707836144;S
20240228;100010;292.53;220;9707836213;S
20240228;100010;292.52;1780;9707836214;S
20240228;100010;292.59;140;9707836238;B
20240228;100010;292.59;10;9707836248;B
20240228;100010;292.59;100;9707836296;B
20240228;100010;292.53;110;9707836317;S
20240228;100010;292.53;250;9707836318;S
20240228;100010;292.59;10;9707836331;B
20240228;100010;292.53;30;9707836385;S
20240228;100010;292.59;340;9707836391;B
20240228;100010;292.6;350;9707836392;B
20240228;100010;292.6;330;9707836393;B
20240228;100011;292.53;10;9707836421;S
20240228;100011;292.53;250;9707836422;S
20240228;100011;292.53;400;9707836427;S
20240228;100011;292.52;1600;9707836428;S
20240228;100011;292.53;400;9707836465;S
20240228;100011;292.52;4600;9707836466;S
20240228;100011;292.52;1280;9707836474;S
20240228;100011;292.55;750;9707836544;B
20240228;100011;292.58;10;9707836571;B
20240228;100011;292.58;530;9707836607;B
20240228;100011;292.52;10;9707836628;S
20240228;100011;292.56;180;9707836956;B
20240228;100011;292.53;210;9707837002;S
20240228;100012;292.57;70;9707837019;B
20240228;100012;292.53;810;9707837044;S
20240228;100012;292.52;3460;9707837045;S
20240228;100012;292.56;100;9707837061;B
20240228;100012;292.56;100;9707837101;B
20240228;100012;292.57;100;9707837147;B
20240228;100012;292.57;140;9707837148;B
20240228;100012;292.54;100;9707837151;S
20240228;100012;292.54;350;9707837152;S
20240228;100012;292.53;1020;9707837153;S
20240228;100012;292.52;3530;9707837154;S
20240228;100012;292.52;10;9707837157;S
20240228;100012;292.55;100;9707837175;B
20240228;100012;292.55;100;9707837216;B
20240228;100013;292.55;100;9707837272;B
20240228;100013;292.55;100;9707837310;B
20240228;100013;292.52;680;9707837311;S
20240228;100013;292.52;40;9707837313;S
20240228;100013;292.54;100;9707837333;B
20240228;100013;292.54;100;9707837356;B
20240228;100013;292.54;20;9707837366;B
20240228;100013;292.53;100;9707837384;B
20240228;100013;292.55;100;9707837415;B
20240228;100014;292.55;580;9707837431;B
20240228;100014;292.56;680;9707837432;B
20240228;100014;292.57;290;9707837433;B
20240228;100014;292.57;570;9707837434;B
20240228;100014;292.58;680;9707837435;B
20240228;100014;292.58;570;9707837436;B
20240228;100014;292.59;570;9707837437;B
20240228;100014;292.6;570;9707837438;B
20240228;100014;292.61;570;9707837439;B
20240228;100014;292.61;400;9707837440;B
20240228;100014;292.62;570;9707837441;B
20240228;100014;292.63;570;9707837442;B
20240228;100014;292.64;570;9707837443;B
20240228;100014;292.65;570;9707837444;B
20240228;100014;292.66;570;9707837445;B
20240228;100014;292.67;8190;9707837446;B
20240228;100014;292.68;2000;9707837447;B
20240228;100014;292.69;3000;9707837448;B
20240228;100014;292.7;1000;9707837449;S
20240228;100014;292.7;1000;9707837450;S
20240228;100014;292.7;500;9707837451;S
20240228;100014;292.77;10;9707837479;B
20240228;100014;292.71;400;9707837515;S
20240228;100014;292.71;100;9707837516;S
20240228;100014;292.71;80;9707837547;S
20240228;100014;292.76;1000;9707837599;B
20240228;100014;292.72;40;9707837636;S
20240228;100014;292.77;90;9707837641;B
20240228;100014;292.77;10;9707837642;B
20240228;100014;292.72;50;9707837645;S
20240228;100014;292.77;10;9707837650;B
20240228;100014;292.77;180;9707837670;B
20240228;100014;292.72;310;9707837677;S
20240228;100014;292.71;350;9707837678;S
20240228;100014;292.71;20;9707837679;S
20240228;100014;292.77;100;9707837681;B
20240228;100015;292.78;100;9707837756;B
20240228;100015;292.78;570;9707837757;B
20240228;100015;292.79;570;9707837758;B
20240228;100015;292.8;570;9707837759;B
20240228;100015;292.8;210;9707837760;B
20240228;100015;292.72;200;9707837762;S
20240228;100015;292.75;110;9707837778;S
20240228;100015;292.74;1410;9707837779;S
20240228;100015;292.73;70;9707837780;S
20240228;100015;292.74;490;9707837796;S
20240228;100015;292.74;310;9707837797;S
20240228;100015;292.74;30;9707837799;S
20240228;100015;292.82;100;9707837800;B
20240228;100015;292.82;100;9707837850;B
20240228;100015;292.77;50;9707837880;B
20240228;100015;292.83;50;9707837881;B
20240228;100015;292.82;400;9707837891;B
20240228;100015;292.82;130;9707837892;B
20240228;100015;292.83;50;9707837893;B
20240228;100015;292.83;570;9707837894;B
20240228;100015;292.83;2000;9707837895;B
20240228;100015;292.84;570;9707837896;B
20240228;100015;292.85;20;9707837897;B
20240228;100015;292.85;200;9707837898;B
20240228;100015;292.85;570;9707837899;B
20240228;100015;292.85;490;9707837900;B
20240228;100015;292.84;100;9707837911;B
20240228;100015;292.84;300;9707837933;B
20240228;100015;292.85;160;9707837934;B
20240228;100015;292.84;100;9707837937;B
20240228;100016;292.84;100;9707837989;B
20240228;100016;292.82;50;9707837999;B
20240228;100016;292.82;60;9707838006;B
20240228;100016;292.83;30;9707838008;B
20240228;100016;292.83;70;9707838009;B
20240228;100016;292.84;100;9707838017;B
20240228;100016;292.84;80;9707838041;B
20240228;100016;292.84;100;9707838044;B
20240228;100016;292.84;10;9707838046;B
20240228;100016;292.84;110;9707838058;B
20240228;100016;292.83;100;9707838075;B
20240228;100016;292.78;50;9707838086;S
20240228;100016;292.78;60;9707838087;S
20240228;100016;292.77;100;9707838088;S
20240228;100016;292.84;100;9707838168;B
20240228;100016;292.84;100;9707838190;B
20240228;100017;292.77;930;9707838202;S
20240228;100017;292.77;930;9707838203;S
20240228;100017;292.76;140;9707838204;S
20240228;100017;292.84;200;9707838206;B
20240228;100017;292.84;590;9707838207;B
20240228;100017;292.85;310;9707838208;B
20240228;100017;292.84;100;9707838217;B
20240228;100017;292.84;100;9707838226;B
20240228;100017;292.84;100;9707838245;B
20240228;100017;292.84;100;9707838268;B
20240228;100017;292.79;10;9707838274;S
20240228;100017;292.77;50;9707838330;S
20240228;100017;292.76;10;9707838410;S
20240228;100017;292.76;1030;9707838411;S
20240228;100017;292.75;570;9707838412;S
20240228;100017;292.75;870;9707838413;S
20240228;100017;292.75;400;9707838414;S
20240228;100017;292.74;570;9707838415;S
20240228;100017;292.74;30;9707838416;S
20240228;100017;292.74;100;9707838417;S
20240228;100017;292.73;570;9707838418;S
20240228;100017;292.73;150;9707838419;S
20240228;100017;292.72;570;9707838420;S
20240228;100017;292.71;570;9707838421;S
20240228;100017;292.71;10;9707838422;S
20240228;100017;292.71;1540;9707838423;S
20240228;100017;292.71;1200;9707838424;S
20240228;100017;292.71;350;9707838425;S
20240228;100017;292.7;3440;9707838426;S
20240228;100017;292.83;1540;9707838429;B
20240228;100017;292.84;400;9707838430;B
20240228;100017;292.84;570;9707838431;B
20240228;100017;292.84;260;9707838432;B
20240228;100017;292.84;2500;9707838433;B
20240228;100017;292.84;200;9707838434;B
20240228;100017;292.85;40;9707838435;B
20240228;100017;292.85;570;9707838436;B
20240228;100017;292.85;300;9707838437;B
20240228;100017;292.86;10;9707838438;B
20240228;100017;292.86;570;9707838439;B
20240228;100017;292.86;2000;9707838440;B
20240228;100017;292.87;10;9707838441;B
20240228;100017;292.87;570;9707838442;B
20240228;100017;292.87;2000;9707838443;B
20240228;100017;292.88;30;9707838444;B
20240228;100017;292.88;10;9707838445;B
20240228;100017;292.88;570;9707838446;B
20240228;100017;292.89;2000;9707838447;B
20240228;100017;292.89;570;9707838448;B
20240228;100017;292.89;4940;9707838449;B
20240228;100018;292.8;300;9707838472;S
20240228;100018;292.84;100;9707838477;B
20240228;100018;292.76;30;9707838503;S
20240228;100018;292.84;100;9707838512;B
20240228;100018;292.84;50;9707838527;B
20240228;100018;292.84;100;9707838554;B
20240228;100018;292.82;100;9707838578;B
20240228;100018;292.82;80;9707838595;B
20240228;100018;292.82;100;9707838649;B
20240228;100018;292.84;200;9707838668;B
20240228;100018;292.84;100;9707838696;B
20240228;100019;292.84;10;9707838716;B
20240228;100019;292.83;200;9707838845;B
20240228;100019;292.83;400;9707838846;B
20240228;100019;292.84;570;9707838847;B
20240228;100019;292.85;530;9707838848;B
20240228;100019;292.85;500;9707838849;B
20240228;100019;292.84;100;9707838913;B
20240228;100019;292.83;100;9707838963;B
20240228;100020;292.83;10;9707838994;B
20240228;100020;292.83;100;9707838996;B
20240228;100020;292.83;100;9707839023;B
20240228;100020;292.82;20;9707839092;B
20240228;100020;292.82;10;9707839106;B
20240228;100020;292.83;90;9707839107;B
20240228;100020;292.83;100;9707839127;B
20240228;100020;292.8;100;9707839178;S
20240228;100020;292.79;50;9707839179;S
20240228;100020;292.83;520;9707839185;B
20240228;100020;292.83;400;9707839186;B
20240228;100020;292.83;400;9707839187;B
20240228;100020;292.84;580;9707839188;B
20240228;100020;292.84;570;9707839189;B
20240228;100020;292.85;570;9707839190;B
20240228;100020;292.85;180;9707839191;B
20240228;100020;292.84;100;9707839210;B
20240228;100021;292.8;1000;9707839245;S
20240228;100021;292.79;120;9707839246;S
20240228;100021;292.79;130;9707839247;S
20240228;100021;292.78;50;9707839248;S
20240228;100021;292.78;350;9707839249;S
20240228;100021;292.78;350;9707839250;S
20240228;100021;292.78;400;9707839251;S
20240228;100021;292.76;570;9707839252;S
20240228;100021;292.75;570;9707839253;S
20240228;100021;292.74;570;9707839254;S
20240228;100021;292.73;570;9707839255;S
20240228;100021;292.72;570;9707839256;S
20240228;100021;292.72;50;9707839257;S
20240228;100021;292.72;1540;9707839258;S
20240228;100021;292.71;570;9707839259;S
20240228;100021;292.71;2000;9707839260;S
20240228;100021;292.71;2000;9707839261;S
20240228;100021;292.71;30;9707839262;S
20240228;100021;292.7;7220;9707839263;S
20240228;100021;292.72;250;9707839267;S
20240228;100021;292.83;100;9707839268;B
20240228;100021;292.72;100;9707839318;S
20240228;100021;292.81;100;9707839326;B
20240228;100021;292.81;100;9707839349;B
20240228;100021;292.74;10;9707839350;S
20240228;100021;292.81;20;9707839411;B
20240228;100021;292.81;180;9707839429;B
20240228;100021;292.81;550;9707839430;B
20240228;100021;292.81;20;9707839453;B
20240228;100021;292.81;280;9707839454;B
20240228;100021;292.8;10;9707839464;S
20240228;100022;292.74;10;9707839546;S
20240228;100022;292.79;1640;9707839578;B
20240228;100022;292.79;10;9707839579;B
20240228;100022;292.79;350;9707839580;B
20240228;100022;292.79;400;9707839581;B
20240228;100022;292.8;90;9707839582;B
20240228;100022;292.8;510;9707839583;B
20240228;100022;292.75;10;9707839624;S
20240228;100022;292.73;400;9707839625;S
20240228;100022;292.71;90;9707839626;S
20240228;100022;292.79;330;9707839653;B
20240228;100022;292.79;400;9707839654;B
20240228;100022;292.8;270;9707839655;B
20240228;100022;292.72;400;9707839671;S
20240228;100022;292.71;3990;9707839672;S
20240228;100022;292.71;250;9707839673;S
20240228;100022;292.71;570;9707839674;S
20240228;100022;292.7;27820;9707839675;S
20240228;100022;292.7;570;9707839676;S
20240228;100022;292.69;570;9707839677;S
20240228;100022;292.68;570;9707839678;S
20240228;100022;292.67;50;9707839681;B
20240228;100022;292.6;10;9707839696;S
20240228;100022;292.59;70;9707839697;S
20240228;100022;292.66;10;9707839721;B
20240228;100022;292.66;20;9707839765;B
20240228;100022;292.66;50;9707839776;B
20240228;100023;292.66;20;9707839787;B
20240228;100023;292.59;20;9707839829;S
20240228;100023;292.65;10;9707839850;B
20240228;100023;292.64;400;9707840055;B
20240228;100023;292.65;50;9707840056;B
20240228;100023;292.67;50;9707840057;B
20240228;100023;292.66;400;9707840059;B
20240228;100023;292.67;150;9707840060;B
20240228;100023;292.67;150;9707840061;B
20240228;100023;292.68;40;9707840062;B
20240228;100023;292.68;40;9707840095;B
20240228;100024;292.66;200;9707840245;B
20240228;100025;292.66;40;9707840388;B
20240228;100025;292.66;360;9707840507;B
20240228;100025;292.66;140;9707840508;B
20240228;100025;292.67;10;9707840550;B
20240228;100025;292.67;40;9707840551;B
20240228;100025;292.66;10;9707840564;B
20240228;100026;292.61;50;9707840648;S
20240228;100026;292.66;40;9707840729;B
20240228;100026;292.67;160;9707840730;B
20240228;100026;292.67;100;9707840786;B
20240228;100026;292.67;230;9707840819;B
20240228;100026;292.61;350;9707840859;S
20240228;100026;292.6;150;9707840860;S
20240228;100026;292.6;350;9707840861;S
20240228;100026;292.6;350;9707840862;S
20240228;100027;292.6;100;9707840912;B
20240228;100027;292.6;30;9707840937;B
20240228;100027;292.6;50;9707840952;B
20240228;100027;292.59;350;9707841051;S
20240228;100027;292.59;350;9707841052;S
20240228;100027;292.58;250;9707841053;S
20240228;100027;292.58;570;9707841054;S
20240228;100027;292.57;490;9707841055;S
20240228;100027;292.6;3620;9707841059;B
20240228;100027;292.63;400;9707841060;B
20240228;100027;292.64;980;9707841061;B
20240228;100027;292.64;10;9707841100;B
20240228;100027;292.63;10;9707841128;B
20240228;100027;292.63;110;9707841129;B
20240228;100027;292.6;10;9707841291;S
20240228;100027;292.64;130;9707841299;B
20240228;100028;292.63;70;9707841396;B
20240228;100028;292.64;2920;9707841397;B
20240228;100028;292.65;570;9707841471;B
20240228;100028;292.64;10;9707841538;B
20240228;100028;292.65;490;9707841539;B
20240228;100028;292.64;20;9707841621;B
20240228;100029;292.64;30;9707841653;B
20240228;100029;292.65;80;9707841654;B
20240228;100029;292.66;10;9707841655;B
20240228;100029;292.66;570;9707841656;B
20240228;100029;292.67;330;9707841657;B
20240228;100029;292.61;10;9707841666;S
20240228;100029;292.66;10;9707841678;B
20240228;100029;292.66;20;9707841710;B
20240228;100029;292.65;10;9707841778;S
20240228;100029;292.6;50;9707841779;S
20240228;100029;292.6;240;9707841780;B
20240228;100029;292.64;1200;9707841781;B
20240228;100029;292.65;1020;9707841782;B
20240228;100029;292.66;540;9707841783;B
20240228;100029;292.66;2500;9707841784;B
20240228;100029;292.66;100;9707841785;B
20240228;100029;292.67;240;9707841786;B
20240228;100029;292.68;490;9707841787;B
20240228;100029;292.68;1000;9707841788;B
20240228;100029;292.69;570;9707841789;B
20240228;100029;292.69;150;9707841790;B
20240228;100029;292.7;570;9707841791;B
20240228;100029;292.7;10;9707841792;B
20240228;100029;292.7;2000;9707841793;B
20240228;100029;292.71;570;9707841794;B
20240228;100029;292.72;570;9707841795;B
20240228;100029;292.72;10000;9707841796;B
20240228;100029;292.72;2000;9707841797;B
20240228;100029;292.73;570;9707841798;B
20240228;100029;292.73;200;9707841799;B
20240228;100029;292.73;2000;9707841800;B
20240228;100029;292.74;570;9707841801;B
20240228;100029;292.74;2300;9707841802;B
20240228;100029;292.74;10;9707841803;B
20240228;100029;292.75;1170;9707841804;B
20240228;100029;292.68;10;9707841823;S
20240228;100029;292.76;500;9707841874;B
20240228;100030;292.7;200;9707841907;S
20240228;100030;292.7;200;9707841937;S
20240228;100030;292.69;300;9707841938;S
20240228;100030;292.7;400;9707841960;S
20240228;100030;292.69;100;9707841961;S
20240228;100030;292.76;170;9707842001;B
20240228;100030;292.76;180;9707842012;B
20240228;100030;292.76;300;9707842013;B
20240228;100030;292.77;570;9707842014;B
20240228;100030;292.78;570;9707842015;B
20240228;100030;292.78;700;9707842016;B
20240228;100030;292.79;570;9707842017;B
20240228;100030;292.8;4220;9707842018;B
20240228;100030;292.8;3000;9707842019;B
20240228;100030;292.8;10;9707842020;B
20240228;100030;292.8;570;9707842021;B
20240228;100030;292.8;1020;9707842022;B
20240228;100030;292.8;400;9707842023;B
20240228;100030;292.81;570;9707842024;B
20240228;100030;292.81;2000;9707842025;B
20240228;100030;292.82;2000;9707842026;B
20240228;100030;292.82;570;9707842027;B
20240228;100030;292.83;570;9707842028;B
20240228;100030;292.84;10;9707842029;B
20240228;100030;292.84;30;9707842030;B
20240228;100030;292.84;500;9707842031;B
20240228;100030;292.84;2000;9707842032;B
20240228;100030;292.84;570;9707842033;B
20240228;100030;292.85;2320;9707842034;B
20240228;100030;292.85;570;9707842035;B
20240228;100030;292.86;680;9707842036;B
20240228;100030;292.86;2000;9707842037;B
20240228;100030;292.86;570;9707842038;B
20240228;100030;292.87;110;9707842039;B
20240228;100030;292.87;3000;9707842040;B
20240228;100030;292.88;5000;9707842041;B
20240228;100030;292.89;1000;9707842042;B
20240228;100030;292.89;20;9707842043;B
20240228;100030;292.89;1000;9707842044;B
20240228;100030;292.89;2000;9707842045;B
20240228;100030;292.9;40;9707842046;B
20240228;100030;292.8;400;9707842055;S
20240228;100030;292.8;600;9707842056;S
20240228;100030;292.8;430;9707842057;S
20240228;100030;292.8;400;9707842058;S
20240228;100030;292.79;30;9707842106;S
20240228;100030;292.8;10;9707842150;B
20240228;100031;292.8;100;9707842207;B
20240228;100031;292.8;60;9707842341;B
20240228;100031;292.8;40;9707842342;B
20240228;100031;292.8;860;9707842388;B
20240228;100031;292.8;100;9707842389;B
20240228;100031;292.88;570;9707842390;B
20240228;100031;292.88;400;9707842391;B
20240228;100031;292.89;570;9707842392;B
20240228;100031;292.89;30;9707842393;B
20240228;100031;292.89;350;9707842394;B
20240228;100031;292.9;360;9707842395;B
20240228;100031;292.9;1760;9707842396;B
20240228;100031;292.8;350;9707842417;S
20240228;100031;292.89;50;9707842462;B
20240228;100031;292.89;100;9707842463;B
20240228;100031;292.79;100;9707842470;S
20240228;100031;292.79;570;9707842471;S
20240228;100031;292.78;330;9707842472;S
20240228;100031;292.84;100;9707842495;B
20240228;100032;292.87;100;9707842529;B
20240228;100032;292.87;100;9707842582;B
20240228;100032;292.82;20;9707842589;S
20240228;100032;292.85;100;9707842618;B
20240228;100032;292.82;10;9707842675;S
20240228;100032;292.81;100;9707842676;S
20240228;100032;292.79;490;9707842677;S
20240228;100032;292.85;50;9707842681;B
20240228;100032;292.86;50;9707842682;B
20240228;100032;292.83;10;9707842683;S
20240228;100032;292.85;30;9707842728;B
20240228;100032;292.85;70;9707842729;B
20240228;100032;292.79;10;9707842744;S
20240228;100032;292.79;400;9707842745;S
20240228;100032;292.78;240;9707842746;S
20240228;100032;292.78;350;9707842747;S
20240228;100032;292.85;100;9707842780;B
20240228;100033;292.84;50;9707842805;B
20240228;100033;292.84;10;9707842806;B
20240228;100033;292.85;40;9707842807;B
20240228;100033;292.79;10;9707842845;S
20240228;100033;292.84;100;9707842858;B
20240228;100033;292.79;390;9707842874;S
20240228;100033;292.78;2320;9707842875;S
20240228;100033;292.78;570;9707842876;S
20240228;100033;292.77;570;9707842877;S
20240228;100033;292.76;1150;9707842878;S
20240228;100033;292.83;50;9707842893;B
20240228;100033;292.83;50;9707842894;B
20240228;100033;292.8;100;9707842940;B
20240228;100033;292.8;10;9707842996;B
20240228;100034;292.73;10;9707843142;S
20240228;100034;292.75;960;9707843145;B
20240228;100034;292.75;350;9707843146;B
20240228;100034;292.75;350;9707843147;B
20240228;100034;292.75;400;9707843148;B
20240228;100034;292.76;30;9707843169;B
20240228;100034;292.75;10;9707843177;S
20240228;100034;292.75;930;9707843233;S
20240228;100034;292.75;10;9707843234;S
20240228;100034;292.72;570;9707843235;S
20240228;100034;292.71;490;9707843236;S
20240228;100034;292.71;80;9707843251;S
20240228;100034;292.71;10;9707843252;S
20240228;100034;292.7;570;9707843253;S
20240228;100034;292.7;10;9707843254;S
20240228;100034;292.69;570;9707843255;S
20240228;100034;292.69;210;9707843256;S
20240228;100034;292.69;400;9707843257;S
20240228;100034;292.68;10;9707843258;S
20240228;100034;292.68;570;9707843259;S
20240228;100034;292.68;10;9707843278;B
20240228;100035;292.68;10000;9707843287;B
20240228;100035;292.68;100;9707843302;B
20240228;100035;292.68;10;9707843317;B
20240228;100035;292.67;570;9707843323;S
20240228;100035;292.67;1810;9707843324;S
20240228;100035;292.67;400;9707843325;S
20240228;100035;292.67;350;9707843326;S
20240228;100035;292.67;20;9707843327;S
20240228;100035;292.66;2000;9707843328;S
20240228;100035;292.66;570;9707843329;S
20240228;100035;292.65;10;9707843330;S
20240228;100035;292.65;310;9707843331;S
20240228;100035;292.68;100;9707843350;B
20240228;100035;292.67;60;9707843458;B
20240228;100035;292.68;240;9707843459;B
20240228;100035;292.67;40;9707843486;B
20240228;100035;292.67;10;9707843491;B
20240228;100035;292.68;3000;9707843523;B
20240228;100035;292.68;90;9707843525;B
20240228;100036;292.68;260;9707843619;B
20240228;100036;292.75;40;9707843620;B
20240228;100036;292.66;90;9707843675;S
20240228;100036;292.74;200;9707843714;B
20240228;100036;292.72;10;9707843752;B
20240228;100036;292.72;100;9707843784;B
20240228;100036;292.66;30;9707843893;S
20240228;100037;292.72;170;9707843967;B
20240228;100037;292.66;160;9707843991;S
20240228;100037;292.72;100;9707844005;B
20240228;100037;292.66;10;9707844028;S
20240228;100037;292.66;280;9707844034;S
20240228;100037;292.65;220;9707844035;S
20240228;100037;292.72;10;9707844075;B
20240228;100037;292.65;40;9707844116;S
20240228;100037;292.65;10;9707844117;S
20240228;100037;292.65;30;9707844118;S
20240228;100037;292.65;350;9707844119;S
20240228;100037;292.74;210;9707844195;B
20240228;100038;292.74;100;9707844262;B
20240228;100038;292.75;150;9707844322;B
20240228;100038;292.75;150;9707844323;B
20240228;100038;292.75;110;9707844324;B
20240228;100038;292.75;150;9707844329;B
20240228;100039;292.74;60;9707844581;B
20240228;100039;292.76;10;9707844582;B
20240228;100039;292.76;10;9707844583;B
20240228;100039;292.77;190;9707844584;B
20240228;100039;292.77;60;9707844599;B
20240228;100039;292.72;100;9707844623;S
20240228;100039;292.75;10;9707844652;B
20240228;100039;292.72;10;9707844680;S
20240228;100039;292.72;330;9707844713;S
20240228;100039;292.7;10;9707844714;S
20240228;100039;292.68;310;9707844715;S
20240228;100039;292.68;350;9707844716;S
20240228;100039;292.75;160;9707844723;B
20240228;100039;292.75;20;9707844729;B
20240228;100039;292.68;30;9707844739;S
20240228;100039;292.75;100;9707844740;B
20240228;100040;292.75;20;9707844819;B
20240228;100040;292.69;10;9707844829;S
20240228;100040;292.7;100;9707844836;B
20240228;100040;292.69;390;9707844845;S
20240228;100040;292.68;350;9707844846;S
20240228;100040;292.68;2000;9707844883;B
20240228;100040;292.68;20;9707844936;B
20240228;100040;292.67;400;9707844967;S
20240228;100040;292.67;1020;9707844968;S
20240228;100040;292.66;10;9707844969;S
20240228;100040;292.66;20;9707844970;S
20240228;100040;292.66;350;9707844971;S
20240228;100040;292.65;10;9707844993;S
20240228;100040;292.65;390;9707845026;S
20240228;100040;292.64;10;9707845027;S
20240228;100040;292.64;600;9707845028;S
20240228;100040;292.64;1400;9707845048;S
20240228;100040;292.63;10;9707845062;S
20240228;100040;292.62;100;9707845063;S
20240228;100040;292.61;570;9707845064;S
20240228;100040;292.61;10;9707845065;S
20240228;100040;292.6;570;9707845066;S
20240228;100040;292.6;50;9707845067;S
20240228;100040;292.6;10;9707845068;S
20240228;100040;292.6;20;9707845069;S
20240228;100040;292.59;570;9707845070;S
20240228;100040;292.59;10;9707845071;S
20240228;100040;292.58;570;9707845072;S
20240228;100040;292.57;570;9707845073;S
20240228;100041;292.56;130;9707845125;S
20240228;100041;292.56;570;9707845126;S
20240228;100041;292.56;1020;9707845127;S
20240228;100041;292.55;280;9707845128;S
20240228;100041;292.55;20;9707845146;S
20240228;100041;292.57;1720;9707845149;B
20240228;100041;292.57;220;9707845150;B
20240228;100041;292.57;60;9707845151;B
20240228;100041;292.61;100;9707845165;B
20240228;100041;292.59;400;9707845170;B
20240228;100041;292.59;1600;9707845171;B
20240228;100041;292.56;20;9707845213;B
20240228;100041;292.56;50;9707845249;B
20240228;100041;292.56;60;9707845250;B
20240228;100041;292.56;40;9707845251;B
20240228;100041;292.56;10;9707845393;B
20240228;100041;292.56;60;9707845394;B
20240228;100041;292.57;60;9707845395;B
20240228;100041;292.58;1030;9707845396;B
20240228;100041;292.58;350;9707845397;B
20240228;100041;292.58;350;9707845398;B
20240228;100041;292.58;140;9707845399;B
20240228;100041;292.56;10;9707845471;B
20240228;100042;292.56;20;9707845553;B
20240228;100042;292.56;20;9707845561;B
20240228;100042;292.56;100;9707845562;B
20240228;100042;292.56;100;9707845563;B
20240228;100042;292.57;400;9707845564;B
20240228;100042;292.57;380;9707845565;B
20240228;100042;292.55;50;9707845602;S
20240228;100042;292.55;60;9707845630;S
20240228;100042;292.58;10;9707845633;B
20240228;100042;292.58;340;9707845641;B
20240228;100042;292.59;40;9707845642;B
20240228;100042;292.55;90;9707845644;S
20240228;100042;292.55;20;9707845645;S
20240228;100042;292.55;50;9707845646;S
20240228;100042;292.54;340;9707845647;S
20240228;100042;292.58;140;9707845649;B
20240228;100042;292.54;60;9707845651;S
20240228;100042;292.53;50;9707845652;S
20240228;100042;292.53;570;9707845653;S
20240228;100042;292.52;820;9707845654;S
20240228;100042;292.53;50;9707845660;S
20240228;100042;292.58;110;9707845661;B
20240228;100042;292.53;50;9707845669;S
20240228;100042;292.58;50;9707845670;B
20240228;100042;292.58;10;9707845692;B
20240228;100042;292.58;70;9707845718;B
20240228;100042;292.56;350;9707845752;B
20240228;100042;292.57;50;9707845753;B
20240228;100042;292.52;50;9707845774;S
20240228;100042;292.56;1030;9707845775;B
20240228;100042;292.56;350;9707845776;B
20240228;100042;292.56;350;9707845777;B
20240228;100042;292.57;3940;9707845778;B
20240228;100042;292.57;150;9707845779;B
20240228;100042;292.58;4180;9707845780;B
20240228;100043;292.6;90;9707845798;B
20240228;100043;292.53;300;9707845824;S
20240228;100043;292.55;50;9707845945;B
20240228;100043;292.61;350;9707845946;B
20240228;100043;292.62;570;9707845947;B
20240228;100043;292.62;90;9707845948;B
20240228;100043;292.56;50;9707846016;S
20240228;100044;292.54;290;9707846072;S
20240228;100044;292.54;350;9707846098;S
20240228;100044;292.53;570;9707846099;S
20240228;100044;292.53;400;9707846100;S
20240228;100044;292.52;680;9707846101;S
20240228;100044;292.64;500;9707846159;B
20240228;100044;292.54;350;9707846187;S
20240228;100044;292.53;570;9707846188;S
20240228;100044;292.53;80;9707846189;S
20240228;100044;292.64;70;9707846196;B
20240228;100044;292.64;230;9707846197;B
20240228;100044;292.64;130;9707846234;B
20240228;100044;292.53;10;9707846235;S
20240228;100044;292.64;40;9707846281;B
20240228;100044;292.64;1020;9707846282;B
20240228;100044;292.64;40;9707846283;B
20240228;100045;292.64;10;9707846359;B
20240228;100045;292.61;250;9707846429;S
20240228;100045;292.65;30;9707846446;B
20240228;100045;292.65;540;9707846457;B
20240228;100045;292.65;50;9707846458;B
20240228;100045;292.66;570;9707846459;B
20240228;100045;292.66;30;9707846460;B
20240228;100045;292.66;500;9707846461;B
20240228;100045;292.67;570;9707846462;B
20240228;100045;292.68;390;9707846463;B
20240228;100046;292.65;50;9707846560;S
20240228;100046;292.65;10;9707846597;S
20240228;100046;292.65;400;9707846598;S
20240228;100046;292.63;90;9707846599;S
20240228;100046;292.68;10;9707846612;B
20240228;100046;292.68;30;9707846626;B
20240228;100046;292.64;10;9707846659;S
20240228;100046;292.64;390;9707846663;S
20240228;100046;292.63;610;9707846664;S
20240228;100046;292.68;10;9707846665;B
20240228;100046;292.68;200;9707846693;B
20240228;100046;292.68;10;9707846720;B
20240228;100047;292.64;400;9707846821;S
20240228;100047;292.63;60;9707846822;S
20240228;100047;292.63;350;9707846823;S
20240228;100047;292.63;1030;9707846824;S
20240228;100047;292.62;1000;9707846825;S
20240228;100047;292.6;60;9707846826;S
20240228;100047;292.6;2000;9707846827;S
20240228;100047;292.59;570;9707846828;S
20240228;100047;292.59;2000;9707846829;S
20240228;100047;292.58;570;9707846830;S
20240228;100047;292.58;100;9707846843;B
20240228;100047;292.58;20;9707846955;B
20240228;100047;292.58;200;9707847010;B
20240228;100047;292.58;10;9707847046;B
20240228;100047;292.58;30;9707847047;B
20240228;100047;292.58;50;9707847048;B
20240228;100048;292.58;50;9707847067;B
20240228;100048;292.58;990;9707847117;B
20240228;100048;292.58;30;9707847147;B
20240228;100048;292.58;30;9707847153;B
20240228;100048;292.58;60;9707847178;B
20240228;100048;292.58;390;9707847307;B
20240228;100048;292.66;50;9707847308;B
20240228;100048;292.68;60;9707847309;B
20240228;100048;292.68;1220;9707847313;B
20240228;100048;292.68;780;9707847314;B
20240228;100049;292.68;350;9707847365;B
20240228;100049;292.68;600;9707847374;B
20240228;100049;292.7;400;9707847375;B
20240228;100049;292.7;50;9707847376;B
20240228;100049;292.7;520;9707847377;B
20240228;100049;292.7;10;9707847453;B
20240228;100049;292.71;570;9707847454;B
20240228;100049;292.71;10;9707847455;B
20240228;100049;292.72;10;9707847456;B
20240228;100049;292.72;100;9707847457;B
20240228;100050;292.68;400;9707847603;S
20240228;100050;292.68;20;9707847604;S
20240228;100050;292.68;40;9707847605;S
20240228;100050;292.68;40;9707847606;S
20240228;100050;292.7;150;9707847613;B
20240228;100050;292.72;50;9707847614;B
20240228;100050;292.72;520;9707847621;B
20240228;100050;292.73;170;9707847622;B
20240228;100050;292.73;400;9707847634;B
20240228;100050;292.73;20;9707847635;B
20240228;100050;292.74;150;9707847636;B
20240228;100050;292.74;50;9707847637;B
20240228;100050;292.74;570;9707847638;B
20240228;100050;292.75;150;9707847639;B
20240228;100050;292.75;570;9707847640;B
20240228;100050;292.75;400;9707847641;B
20240228;100050;292.76;600;9707847642;B
20240228;100050;292.76;90;9707847643;B
20240228;100050;292.76;10;9707847661;B
20240228;100050;292.7;150;9707847694;S
20240228;100050;292.7;530;9707847724;S
20240228;100050;292.69;350;9707847725;S
20240228;100050;292.69;30;9707847726;S
20240228;100050;292.69;690;9707847727;S
20240228;100050;292.69;30;9707847728;S
20240228;100050;292.68;1420;9707847729;S
20240228;100050;292.67;570;9707847730;S
20240228;100050;292.66;2000;9707847731;S
20240228;100050;292.66;570;9707847732;S
20240228;100050;292.65;570;9707847733;S
20240228;100050;292.65;400;9707847734;S
20240228;100050;292.64;570;9707847735;S
20240228;100050;292.63;570;9707847736;S
20240228;100050;292.63;1700;9707847737;S
20240228;100050;292.74;400;9707847808;B
20240228;100050;292.74;570;9707847809;B
20240228;100050;292.74;530;9707847810;B
20240228;100051;292.75;570;9707847902;B
20240228;100051;292.75;60;9707847903;B
20240228;100051;292.75;400;9707847904;B
20240228;100051;292.76;470;9707847905;B
20240228;100051;292.76;100;9707847906;B
20240228;100051;292.77;150;9707847907;B
20240228;100051;292.77;60;9707847908;B
20240228;100051;292.77;570;9707847909;B
20240228;100051;292.77;1020;9707847910;B
20240228;100051;292.78;100;9707847911;B
20240228;100051;292.78;150;9707847912;B
20240228;100051;292.78;10;9707847913;B
20240228;100051;292.78;570;9707847914;B
20240228;100051;292.79;5770;9707847915;B
20240228;100051;292.78;10;9707847917;B
20240228;100051;292.78;10;9707847988;B
20240228;100052;292.72;10;9707848196;S
20240228;100052;292.71;70;9707848197;S
20240228;100052;292.76;30;9707848223;B
20240228;100052;292.74;350;9707848260;S
20240228;100052;292.73;920;9707848261;S
20240228;100052;292.73;1080;9707848376;S
20240228;100052;292.72;70;9707848377;S
20240228;100052;292.7;900;9707848378;S
20240228;100052;292.69;570;9707848379;S
20240228;100052;292.68;570;9707848380;S
20240228;100052;292.68;350;9707848381;S
20240228;100052;292.67;570;9707848382;S
20240228;100052;292.67;2000;9707848383;S
20240228;100052;292.67;100;9707848384;S
20240228;100052;292.66;570;9707848385;S
20240228;100052;292.66;400;9707848386;S
20240228;100052;292.65;570;9707848387;S
20240228;100052;292.65;500;9707848388;S
20240228;100052;292.64;570;9707848389;S
20240228;100052;292.64;100;9707848390;S
20240228;100052;292.64;1020;9707848391;S
20240228;100052;292.63;60;9707848392;S
20240228;100053;292.67;400;9707848456;S
20240228;100053;292.66;3520;9707848457;S
20240228;100053;292.65;30;9707848505;B
20240228;100053;292.63;10;9707848508;S
20240228;100053;292.62;30;9707848509;S
20240228;100053;292.65;370;9707848537;B
20240228;100053;292.66;1630;9707848538;B
20240228;100053;292.66;1360;9707848542;B
20240228;100053;292.61;570;9707848672;S
20240228;100053;292.61;400;9707848673;S
20240228;100053;292.6;30;9707848674;S
20240228;100054;292.64;10;9707848840;S
20240228;100054;292.61;120;9707848841;S
20240228;100054;292.65;10;9707848850;B
20240228;100054;292.65;10;9707848871;B
20240228;100054;292.61;90;9707848917;S
20240228;100054;292.64;350;9707848938;B
20240228;100054;292.64;350;9707848939;B
20240228;100054;292.65;300;9707848940;B
20240228;100054;292.65;10;9707848980;B
20240228;100055;292.61;2000;9707849202;S
20240228;100055;292.61;400;9707849203;S
20240228;100055;292.6;540;9707849204;S
20240228;100055;292.6;10;9707849205;S
20240228;100055;292.6;300;9707849206;S
20240228;100055;292.6;500;9707849207;S
20240228;100055;292.6;100;9707849208;S
20240228;100055;292.59;570;9707849209;S
20240228;100055;292.59;10;9707849210;S
20240228;100055;292.58;2000;9707849211;S
20240228;100055;292.58;50;9707849212;S
20240228;100055;292.58;570;9707849213;S
20240228;100055;292.58;500;9707849214;S
20240228;100055;292.57;100;9707849215;S
20240228;100055;292.57;570;9707849216;S
20240228;100055;292.56;570;9707849217;S
20240228;100055;292.56;2000;9707849218;S
20240228;100055;292.56;1020;9707849219;S
20240228;100055;292.55;2000;9707849220;S
20240228;100055;292.55;570;9707849221;S
20240228;100055;292.55;20;9707849222;S
20240228;100055;292.55;120;9707849223;S
20240228;100055;292.54;480;9707849224;S
20240228;100055;292.56;350;9707849301;S
20240228;100056;292.55;90;9707849319;S
20240228;100056;292.55;30;9707849431;S
20240228;100056;292.55;340;9707849460;S
20240228;100056;292.59;150;9707849468;B
20240228;100056;292.57;100;9707849495;B
20240228;100056;292.58;900;9707849496;B
20240228;100057;292.54;10;9707849572;S
20240228;100057;292.54;10;9707849644;S
20240228;100057;292.54;40;9707849645;S
20240228;100057;292.53;10;9707849646;S
20240228;100057;292.53;450;9707849647;S
20240228;100057;292.57;100;9707849705;B
20240228;100057;292.59;340;9707849706;B
20240228;100057;292.59;350;9707849707;B
20240228;100057;292.59;1030;9707849708;B
20240228;100057;292.6;180;9707849709;B
20240228;100057;292.55;10;9707849754;B
20240228;100057;292.55;300;9707849755;B
20240228;100057;292.54;220;9707849789;S
20240228;100058;292.55;20;9707849804;B
20240228;100058;292.55;100;9707849875;B
20240228;100058;292.54;10;9707850073;S
20240228;100058;292.55;70;9707850123;B
20240228;100058;292.61;50;9707850124;B
20240228;100058;292.55;350;9707850153;S
20240228;100058;292.54;500;9707850154;S
20240228;100058;292.54;440;9707850155;S
20240228;100058;292.53;50;9707850156;S
20240228;100058;292.53;3320;9707850157;S
20240228;100058;292.53;200;9707850158;S
20240228;100058;292.53;140;9707850159;S
20240228;100058;292.6;60;9707850184;B
20240228;100058;292.6;100;9707850187;B
20240228;100058;292.6;90;9707850190;B
20240228;100059;292.6;70;9707850349;B
20240228;100059;292.58;100;9707850431;B
20240228;100059;292.59;10;9707850595;B
20240228;100100;292.57;340;9707850774;S
20240228;100100;292.55;350;9707850775;S
20240228;100100;292.54;1000;9707850776;S
20240228;100100;292.53;220;9707850777;S
20240228;100100;292.52;90;9707850778;S
20240228;100100;292.52;10;9707850877;S
20240228;100101;292.52;140;9707851309;S
20240228;100101;292.54;270;9707851405;B
20240228;100101;292.55;230;9707851406;B
20240228;100101;292.58;800;9707851417;B
20240228;100101;292.52;10;9707851497;S
20240228;100102;292.54;10;9707851628;B
20240228;100102;292.53;400;9707851647;S
20240228;100102;292.52;1600;9707851648;S
20240228;100103;292.52;220;9707851966;S
20240228;100103;292.52;10;9707851967;S
20240228;100103;292.52;10;9707851968;S
20240228;100103;292.52;190;9707851969;S
20240228;100103;292.52;810;9707852051;S
20240228;100103;292.52;170;9707852052;S
20240228;100103;292.52;10;9707852053;S
20240228;100103;292.52;10;9707852054;S
20240228;100103;292.52;400;9707852055;S
20240228;100103;292.52;200;9707852058;S
20240228;100103;292.52;100;9707852088;S
20240228;100104;292.52;200;9707852107;S
20240228;100104;292.52;100;9707852164;S
20240228;100104;292.52;180;9707852190;S
20240228;100104;292.52;90;9707852191;S
20240228;100104;292.52;60;9707852192;S
20240228;100104;292.52;10;9707852193;S
20240228;100104;292.52;20;9707852194;S
20240228;100104;292.52;10;9707852195;S
20240228;100104;292.52;50;9707852196;S
20240228;100104;292.52;80;9707852197;S
20240228;100104;292.52;200;9707852218;S
20240228;100104;292.52;200;9707852263;S
20240228;100104;292.53;400;9707852322;B
20240228;100104;292.53;1780;9707852323;B
20240228;100104;292.52;20;9707852338;S
20240228;100104;292.52;10;9707852339;S
20240228;100104;292.52;30;9707852340;S
20240228;100104;292.52;40;9707852341;S
20240228;100104;292.52;130;9707852342;S
20240228;100104;292.52;10;9707852343;S
20240228;100104;292.52;30;9707852344;S
20240228;100104;292.52;10;9707852345;S
20240228;100104;292.52;20;9707852346;S
20240228;100104;292.52;20;9707852358;S
20240228;100104;292.52;150;9707852414;S
20240228;100104;292.52;350;9707852415;S
20240228;100105;292.52;200;9707852428;S
20240228;100105;292.52;20;9707852430;S
20240228;100105;292.52;200;9707852431;S
20240228;100105;292.53;60;9707852528;B
20240228;100105;292.52;200;9707852545;S
20240228;100105;292.52;300;9707852549;S
20240228;100105;292.53;50;9707852602;B
20240228;100105;292.52;100;9707852603;S
20240228;100105;292.53;10;9707852605;B
20240228;100105;292.52;200;9707852620;S
20240228;100105;292.52;430;9707852651;S
20240228;100105;292.52;10;9707852652;S
20240228;100105;292.52;50;9707852653;S
20240228;100105;292.52;10;9707852654;S
20240228;100105;292.52;270;9707852655;S
20240228;100105;292.53;280;9707852663;B
20240228;100105;292.53;60;9707852664;B
20240228;100105;292.52;80;9707852672;S
20240228;100105;292.52;100;9707852673;S
20240228;100105;292.52;10;9707852674;S
20240228;100105;292.52;10;9707852675;S
20240228;100105;292.52;60;9707852707;S
20240228;100105;292.52;10;9707852708;S
20240228;100105;292.52;80;9707852709;S
20240228;100105;292.52;100;9707852710;S
20240228;100105;292.52;10;9707852711;S
20240228;100105;292.52;340;9707852712;S
20240228;100105;292.52;50;9707852713;S
20240228;100105;292.52;10;9707852714;S
20240228;100105;292.52;10;9707852715;S
20240228;100105;292.52;10;9707852716;S
20240228;100105;292.52;10;9707852717;S
20240228;100105;292.52;10;9707852718;S
20240228;100105;292.52;10;9707852731;S
20240228;100105;292.52;40;9707852732;S
20240228;100105;292.52;150;9707852733;S
20240228;100106;292.52;200;9707852758;S
20240228;100106;292.53;800;9707852794;B
20240228;100106;292.52;100;9707852796;S
20240228;100106;292.52;40;9707852797;S
20240228;100106;292.52;60;9707852798;S
20240228;100106;292.53;250;9707852800;B
20240228;100106;292.52;100;9707852826;S
20240228;100106;292.52;40;9707852844;S
20240228;100106;292.52;60;9707852845;S
20240228;100106;292.52;40;9707852846;S
20240228;100106;292.52;60;9707852847;S
20240228;100106;292.52;290;9707852909;S
20240228;100106;292.52;380;9707852910;S
20240228;100106;292.52;10;9707852911;S
20240228;100106;292.52;130;9707852912;S
20240228;100106;292.52;50;9707852913;S
20240228;100106;292.52;10;9707852914;S
20240228;100106;292.52;100;9707852915;S
20240228;100106;292.52;30;9707852916;S
20240228;100106;292.52;1000;9707852953;S
20240228;100106;292.53;350;9707852959;B
20240228;100106;292.53;440;9707852965;B
20240228;100106;292.53;1000;9707852972;B
20240228;100107;292.52;470;9707852984;S
20240228;100107;292.52;340;9707852985;S
20240228;100107;292.52;1000;9707852986;S
20240228;100107;292.52;10;9707852987;S
20240228;100107;292.52;50;9707852988;S
20240228;100107;292.52;50;9707852989;S
20240228;100107;292.52;10;9707852990;S
20240228;100107;292.52;20;9707852991;S
20240228;100107;292.52;100;9707852992;S
20240228;100107;292.52;1000;9707852993;S
20240228;100107;292.52;10;9707852994;S
20240228;100107;292.52;50;9707852995;S
20240228;100107;292.52;2480;9707852996;S
20240228;100107;292.53;10;9707853034;B
20240228;100107;292.52;20;9707853057;S
20240228;100107;292.53;20;9707853072;B
20240228;100107;292.53;100;9707853079;B
20240228;100108;292.53;880;9707853314;S
20240228;100108;292.54;40;9707853325;B
20240228;100108;292.54;60;9707853326;B
20240228;100108;292.59;200;9707853362;B
20240228;100109;292.59;60;9707853548;B
20240228;100109;292.59;310;9707853554;B
20240228;100109;292.59;390;9707853555;B
20240228;100109;292.56;50;9707853608;S
20240228;100109;292.54;50;9707853609;S
20240228;100109;292.54;1030;9707853610;S
20240228;100109;292.54;350;9707853611;S
20240228;100109;292.54;350;9707853612;S
20240228;100109;292.53;500;9707853613;S
20240228;100109;292.52;230;9707853614;S
20240228;100109;292.52;340;9707853615;S
20240228;100109;292.52;610;9707853616;S
20240228;100109;292.52;1500;9707853617;S
20240228;100109;292.52;540;9707853618;S
20240228;100109;292.52;100;9707853619;S
20240228;100109;292.52;5000;9707853620;S
20240228;100109;292.52;50;9707853621;S
20240228;100109;292.52;220;9707853622;S
20240228;100109;292.52;40;9707853647;B
20240228;100110;292.51;250;9707853708;S
20240228;100110;292.51;500;9707853713;S
20240228;100110;292.51;250;9707853784;S
20240228;100110;292.5;1000;9707853785;S
20240228;100110;292.5;1500;9707853786;S
20240228;100110;292.5;20;9707853787;S
20240228;100110;292.5;200;9707853788;S
20240228;100110;292.5;40;9707853789;S
20240228;100110;292.5;40;9707853790;S
20240228;100110;292.5;20;9707853791;S
20240228;100110;292.5;10;9707853792;S
20240228;100110;292.5;40;9707853793;S
20240228;100110;292.5;10;9707853794;S
20240228;100110;292.5;10;9707853795;S
20240228;100110;292.5;250;9707853796;S
20240228;100110;292.5;500;9707853797;S
20240228;100110;292.5;700;9707853798;S
20240228;100110;292.5;500;9707853799;S
20240228;100110;292.5;10;9707853800;S
20240228;100110;292.5;880;9707853801;S
20240228;100110;292.5;70;9707853802;S
20240228;100110;292.5;300;9707853803;S
20240228;100110;292.5;40;9707853804;S
20240228;100110;292.49;30;9707853895;S
20240228;100110;292.49;30;9707853896;S
20240228;100111;292.49;20;9707853928;S
20240228;100111;292.49;20;9707853929;S
20240228;100111;292.5;190;9707853998;B
20240228;100111;292.49;680;9707854005;S
20240228;100111;292.48;10;9707854017;S
20240228;100111;292.47;10;9707854018;S
20240228;100111;292.47;280;9707854019;S
20240228;100111;292.47;100;9707854023;S
20240228;100112;292.48;30;9707854104;B
20240228;100112;292.47;1620;9707854167;S
20240228;100112;292.46;100;9707854168;S
20240228;100112;292.45;500;9707854169;S
20240228;100112;292.43;340;9707854170;S
20240228;100112;292.43;950;9707854171;S
20240228;100113;292.47;2000;9707854374;S
20240228;100113;292.42;570;9707854375;S
20240228;100113;292.41;10;9707854376;S
20240228;100113;292.41;20;9707854377;S
20240228;100113;292.41;200;9707854378;S
20240228;100113;292.41;570;9707854379;S
20240228;100113;292.4;100;9707854380;S
20240228;100113;292.4;50;9707854381;S
20240228;100113;292.4;200;9707854382;S
20240228;100113;292.4;280;9707854383;S
20240228;100113;292.48;400;9707854416;B
20240228;100113;292.49;210;9707854417;B
20240228;100113;292.48;400;9707854436;B
20240228;100113;292.49;40;9707854437;B
20240228;100113;292.48;400;9707854445;B
20240228;100113;292.49;100;9707854446;B
20240228;100113;292.49;350;9707854447;B
20240228;100113;292.49;1030;9707854448;B
20240228;100113;292.5;8120;9707854449;B
20240228;100114;292.5;300;9707854672;B
20240228;100114;292.5;50;9707854673;B
20240228;100114;292.5;70;9707854674;B
20240228;100114;292.5;150;9707854675;B
20240228;100114;292.52;70;9707854727;B
20240228;100114;292.52;2000;9707854766;B
20240228;100115;292.51;400;9707854831;S
20240228;100115;292.51;180;9707854832;S
20240228;100115;292.52;10;9707854865;B
20240228;100115;292.51;400;9707854891;S
20240228;100115;292.5;1600;9707854892;S
20240228;100115;292.5;20;9707854928;S
20240228;100115;292.52;1960;9707854972;B
20240228;100115;292.52;300;9707854973;B
20240228;100115;292.53;570;9707854974;B
20240228;100115;292.53;500;9707854975;B
20240228;100115;292.54;570;9707854976;B
20240228;100115;292.54;10;9707854977;B
20240228;100115;292.55;570;9707854978;B
20240228;100115;292.56;570;9707854979;B
20240228;100115;292.56;1950;9707854980;B
20240228;100115;292.57;50;9707854981;B
20240228;100116;292.52;80;9707855052;S
20240228;100116;292.54;100;9707855093;S
20240228;100116;292.57;90;9707855165;B
20240228;100117;292.54;2000;9707855321;B
20240228;100118;292.54;370;9707855438;S
20240228;100118;292.54;2000;9707855455;S
20240228;100118;292.53;10;9707855456;S
20240228;100118;292.52;170;9707855457;S
20240228;100118;292.5;7820;9707855458;S
20240228;100119;292.51;60;9707855526;S
20240228;100119;292.55;10;9707855602;B
20240228;100120;292.5;40;9707855760;S
20240228;100120;292.52;10;9707855822;B
20240228;100121;292.52;10;9707855956;B
20240228;100121;292.5;300;9707856041;S
20240228;100122;292.5;4220;9707856179;S
20240228;100124;292.51;100;9707856601;B
20240228;100125;292.51;400;9707856658;B
20240228;100125;292.51;90;9707856659;B
20240228;100125;292.51;1080;9707856664;B
20240228;100125;292.5;200;9707856750;S
20240228;100125;292.5;200;9707856806;S
20240228;100125;292.5;50;9707856828;S
20240228;100126;292.51;490;9707856990;B
20240228;100127;292.5;50;9707857044;S
20240228;100127;292.5;100;9707857170;S
20240228;100128;292.51;100;9707857256;B
20240228;100128;292.5;3000;9707857301;S
20240228;100129;292.51;10;9707857437;B
20240228;100129;292.51;40;9707857445;B
20240228;100129;292.51;2000;9707857471;B
20240228;100130;292.5;170;9707857803;S
20240228;100131;292.51;1000;9707857920;B
20240228;100131;292.51;50;9707858061;B
20240228;100132;292.5;350;9707858196;S
20240228;100132;292.51;10;9707858271;B
20240228;100132;292.5;50;9707858344;S
20240228;100133;292.5;300;9707858471;S
20240228;100135;292.5;1920;9707858964;S
20240228;100135;292.5;100;9707858965;S
20240228;100135;292.5;200;9707858966;S
20240228;100135;292.5;100;9707858967;S
20240228;100135;292.5;10;9707858968;S
20240228;100135;292.5;100;9707858969;S
20240228;100135;292.5;20;9707858970;S
20240228;100135;292.5;670;9707858971;S
20240228;100135;292.5;100;9707858972;S
20240228;100135;292.5;200;9707858973;S
20240228;100135;292.5;100;9707859070;S
20240228;100138;292.51;1330;9707859591;B
20240228;100139;292.51;15590;9707859803;B
20240228;100139;292.51;2000;9707859804;B
20240228;100139;292.51;300;9707859805;B
20240228;100139;292.51;1020;9707859806;B
20240228;100139;292.51;4700;9707859807;B
20240228;100139;292.51;10;9707859808;B
20240228;100139;292.53;20;9707859810;S
20240228;100139;292.53;2500;9707859878;S
20240228;100139;292.54;60;9707859947;B
20240228;100139;292.54;940;9707859948;B
20240228;100139;292.53;10;9707859952;S
20240228;100140;292.53;20;9707860048;S
20240228;100140;292.53;150;9707860082;S
20240228;100141;292.53;320;9707860140;S
20240228;100142;292.55;10;9707860431;B
20240228;100143;292.54;60;9707860590;S
20240228;100143;292.53;30;9707860591;S
20240228;100143;292.52;140;9707860592;S
20240228;100145;292.55;10;9707861022;B
20240228;100146;292.54;150;9707861269;S
20240228;100146;292.55;80;9707861685;B
20240228;100146;292.55;1340;9707861686;B
20240228;100146;292.58;80;9707861687;B
20240228;100148;292.58;240;9707862131;B
20240228;100148;292.59;100;9707862132;B
20240228;100148;292.6;100;9707862133;B
20240228;100148;292.62;60;9707862134;B
20240228;100148;292.59;20;9707862177;S
20240228;100149;292.62;5000;9707862206;B
20240228;100149;292.61;200;9707862231;S
20240228;100151;292.62;80;9707862716;B
20240228;100151;292.62;1000;9707862717;B
20240228;100151;292.62;20;9707862778;B
20240228;100151;292.62;70;9707862780;B
20240228;100152;292.62;10;9707863082;B
20240228;100153;292.62;660;9707863111;B
20240228;100153;292.61;10;9707863190;S
20240228;100156;292.62;30;9707863570;B
20240228;100156;292.62;100;9707863649;B
20240228;100156;292.61;10;9707863650;S
20240228;100156;292.62;100;9707863683;B
20240228;100156;292.61;150;9707863695;S
20240228;100157;292.62;100;9707863716;B
20240228;100157;292.62;100;9707863789;B
20240228;100157;292.62;20;9707863846;B
20240228;100157;292.62;100;9707863859;B
20240228;100158;292.62;100;9707864021;B
20240228;100158;292.61;750;9707864030;S
20240228;100158;292.62;1450;9707864038;B
20240228;100158;292.64;30;9707864039;B
20240228;100158;292.65;570;9707864040;B
20240228;100158;292.66;950;9707864041;B
20240228;100158;292.63;140;9707864046;S
20240228;100158;292.66;100;9707864055;B
20240228;100158;292.66;100;9707864093;B
20240228;100158;292.66;10;9707864103;B
20240228;100158;292.63;180;9707864105;S
20240228;100158;292.65;100;9707864133;B
20240228;100158;292.65;50;9707864146;B
20240228;100159;292.65;100;9707864170;B
20240228;100159;292.65;150;9707864200;B
20240228;100200;292.65;900;9707864489;B
20240228;100200;292.65;400;9707864554;B
20240228;100200;292.66;1840;9707864555;B
20240228;100200;292.66;10;9707864556;B
20240228;100200;292.66;570;9707864557;B
20240228;100200;292.66;40;9707864558;B
20240228;100200;292.66;960;9707864559;B
20240228;100200;292.66;100;9707864560;B
20240228;100201;292.66;350;9707864623;S
20240228;100202;292.67;60;9707864815;B
20240228;100202;292.67;10;9707864816;B
20240228;100205;292.67;660;9707865496;B
20240228;100205;292.66;30;9707865676;S
20240228;100205;292.67;10000;9707865692;B
20240228;100207;292.66;120;9707866319;S
20240228;100208;292.66;580;9707866516;S
20240228;100208;292.66;840;9707866517;S
20240228;100208;292.66;20;9707866518;S
20240228;100208;292.65;80;9707866519;S
20240228;100208;292.65;30;9707866520;S
20240228;100208;292.65;1450;9707866537;B
20240228;100208;292.65;400;9707866538;B
20240228;100208;292.65;2000;9707866539;B
20240228;100209;292.66;50;9707866663;S
20240228;100209;292.66;20;9707866704;S
20240228;100209;292.67;1000;9707866720;B
20240228;100209;292.67;300;9707866734;B
20240228;100210;292.67;70;9707866822;B
20240228;100211;292.67;10;9707866963;B
20240228;100211;292.66;30;9707867031;S
20240228;100211;292.67;40;9707867043;B
20240228;100212;292.66;2370;9707867204;S
20240228;100212;292.66;10000;9707867205;S
20240228;100212;292.66;640;9707867206;S
20240228;100212;292.66;350;9707867207;S
20240228;100212;292.66;350;9707867208;S
20240228;100213;292.65;10;9707867244;B
20240228;100213;292.66;20;9707867276;B
20240228;100213;292.66;100;9707867304;B
20240228;100216;292.62;50;9707867855;S
20240228;100216;292.62;10;9707867856;S
20240228;100216;292.62;10;9707867857;S
20240228;100216;292.62;60;9707867858;S
20240228;100217;292.63;30;9707868106;B
20240228;100218;292.63;500;9707868195;B
20240228;100218;292.65;20;9707868201;B
20240228;100218;292.65;30;9707868330;B
20240228;100220;292.64;120;9707868551;S
20240228;100221;292.65;100;9707868697;B
20240228;100221;292.65;250;9707868724;B
20240228;100221;292.65;750;9707868725;B
20240228;100222;292.65;20;9707868855;B
20240228;100223;292.64;20;9707869030;S
20240228;100223;292.65;10;9707869044;B
20240228;100224;292.64;60;9707869175;S
20240228;100224;292.64;940;9707869176;S
20240228;100224;292.64;1160;9707869229;S
20240228;100224;292.63;350;9707869230;S
20240228;100224;292.62;2000;9707869231;S
20240228;100224;292.61;10;9707869232;S
20240228;100224;292.61;80;9707869233;S
20240228;100224;292.61;500;9707869234;S
20240228;100224;292.61;10;9707869235;S
20240228;100224;292.61;40;9707869236;S
20240228;100224;292.61;400;9707869237;S
20240228;100224;292.6;2000;9707869238;S
20240228;100224;292.6;500;9707869239;S
20240228;100224;292.6;10;9707869240;S
20240228;100224;292.6;50;9707869241;S
20240228;100224;292.6;20;9707869242;S
20240228;100224;292.6;170;9707869251;B
20240228;100224;292.6;110;9707869261;B
20240228;100225;292.6;20;9707869315;B
20240228;100225;292.6;150;9707869353;B
20240228;100227;292.59;20;9707869624;S
20240228;100227;292.59;20;9707869625;S
20240228;100227;292.59;20;9707869626;S
20240228;100227;292.6;1000;9707869669;B
20240228;100228;292.6;1420;9707869734;B
20240228;100228;292.6;2000;9707869735;B
20240228;100228;292.65;10;9707869808;B
20240228;100228;292.65;20;9707869809;B
20240228;100228;292.65;80;9707869828;B
20240228;100229;292.63;400;9707869925;S
20240228;100229;292.62;60;9707869926;S
20240228;100229;292.61;350;9707869927;S
20240228;100229;292.61;1030;9707869928;S
20240228;100229;292.61;350;9707869929;S
20240228;100229;292.6;1580;9707869930;S
20240228;100229;292.6;570;9707869931;S
20240228;100229;292.6;1040;9707869932;S
20240228;100229;292.59;570;9707869933;S
20240228;100229;292.58;570;9707869934;S
20240228;100229;292.57;50;9707869935;S
20240228;100229;292.57;570;9707869936;S
20240228;100229;292.56;570;9707869937;S
20240228;100229;292.55;570;9707869938;S
20240228;100229;292.55;10;9707869939;S
20240228;100229;292.55;200;9707869940;S
20240228;100229;292.54;570;9707869941;S
20240228;100229;292.54;180;9707869942;S
20240228;100229;292.54;10;9707869943;S
20240228;100229;292.54;1750;9707869944;S
20240228;100229;292.6;180;9707869989;B
20240228;100230;292.6;10;9707870086;B
20240228;100230;292.63;1640;9707870119;B
20240228;100231;292.59;350;9707870359;S
20240228;100231;292.59;150;9707870360;S
20240228;100231;292.63;1960;9707870387;B
20240228;100231;292.64;40;9707870388;B
20240228;100231;292.63;20;9707870438;S
20240228;100231;292.64;60;9707870469;B
20240228;100231;292.65;1100;9707870470;B
20240228;100231;292.65;570;9707870471;B
20240228;100231;292.66;10;9707870472;B
20240228;100231;292.66;40;9707870473;B
20240228;100231;292.66;10;9707870518;B
20240228;100231;292.65;30;9707870548;S
20240228;100232;292.65;770;9707870602;S
20240228;100232;292.65;50;9707870610;S
20240228;100233;292.65;1000;9707870845;S
20240228;100233;292.66;110;9707870850;B
20240228;100233;292.65;1420;9707870858;S
20240228;100233;292.65;2000;9707870859;S
20240228;100233;292.63;350;9707870864;B
20240228;100234;292.62;10;9707870920;B
20240228;100234;292.62;90;9707870967;B
20240228;100234;292.63;1030;9707870968;B
20240228;100234;292.63;180;9707870969;B
20240228;100235;292.61;10;9707871182;S
20240228;100235;292.6;20;9707871183;S
20240228;100235;292.62;100;9707871228;B
20240228;100236;292.62;20;9707871317;B
20240228;100237;292.62;10;9707871468;B
20240228;100237;292.62;90;9707871478;B
20240228;100237;292.64;580;9707871479;B
20240228;100237;292.64;20;9707871480;B
20240228;100237;292.64;660;9707871620;B
20240228;100238;292.63;40;9707871643;S
20240228;100238;292.63;310;9707871864;S
20240228;100238;292.63;90;9707871865;S
20240228;100240;292.64;10;9707872103;B
20240228;100240;292.64;30;9707872108;B
20240228;100240;292.64;40;9707872122;B
20240228;100240;292.63;180;9707872224;S
20240228;100241;292.64;10;9707872362;B
20240228;100242;292.64;30;9707872434;B
20240228;100243;292.64;350;9707872783;B
20240228;100244;292.64;600;9707872908;B
20240228;100245;292.64;100;9707873094;B
20240228;100246;292.63;1190;9707873232;S
20240228;100247;292.63;100;9707873257;S
20240228;100247;292.63;30;9707873285;S
20240228;100247;292.63;10;9707873286;S
20240228;100248;292.61;500;9707873417;S
20240228;100248;292.61;20;9707873503;S
20240228;100248;292.6;90;9707873504;S
20240228;100248;292.63;30;9707873526;B
20240228;100250;292.61;260;9707873816;S
20240228;100250;292.6;390;9707873817;S
20240228;100250;292.6;1460;9707873818;S
20240228;100251;292.61;130;9707873896;S
20240228;100251;292.6;1870;9707873897;S
20240228;100251;292.63;130;9707874020;B
20240228;100251;292.63;20;9707874021;B
20240228;100251;292.63;500;9707874022;B
20240228;100251;292.63;350;9707874023;B
20240228;100251;292.63;350;9707874024;B
20240228;100252;292.63;2190;9707874071;S
20240228;100252;292.64;10;9707874134;B
20240228;100253;292.64;100;9707874220;B
20240228;100253;292.64;10;9707874238;B
20240228;100253;292.63;100;9707874245;S
20240228;100253;292.64;100;9707874269;B
20240228;100253;292.64;80;9707874278;B
20240228;100254;292.64;100;9707874299;B
20240228;100254;292.64;100;9707874332;B
20240228;100254;292.64;100;9707874351;B
20240228;100254;292.64;100;9707874366;B
20240228;100255;292.64;50;9707874460;B
20240228;100256;292.64;10;9707874559;B
20240228;100256;292.63;1210;9707874591;S
20240228;100256;292.63;100;9707874592;S
20240228;100256;292.63;60;9707874593;S
20240228;100258;292.62;10;9707874830;S
20240228;100258;292.62;20;9707874843;S
20240228;100258;292.62;40;9707874864;S
20240228;100258;292.61;10;9707874865;S
20240228;100258;292.61;350;9707874866;S
20240228;100258;292.61;10;9707874867;S
20240228;100258;292.6;1670;9707874868;S
20240228;100258;292.6;10;9707874869;S
20240228;100258;292.6;200;9707874870;S
20240228;100258;292.6;200;9707874871;S
20240228;100258;292.6;30;9707874872;S
20240228;100258;292.6;1000;9707874873;S
20240228;100258;292.59;50;9707874874;S
20240228;100258;292.59;5000;9707874875;S
20240228;100258;292.59;13650;9707874876;S
20240228;100300;292.6;20;9707875186;S
20240228;100300;292.61;10;9707875248;B
20240228;100301;292.61;340;9707875301;B
20240228;100301;292.61;330;9707875302;B
20240228;100301;292.61;670;9707875361;B
20240228;100301;292.61;4290;9707875362;B
20240228;100303;292.61;40;9707875597;B
20240228;100304;292.61;50;9707875808;B
20240228;100304;292.6;10;9707875829;S
20240228;100305;292.61;17610;9707876002;B
20240228;100305;292.61;80;9707876003;B
20240228;100305;292.61;80;9707876004;B
20240228;100305;292.61;130;9707876005;B
20240228;100305;292.61;5000;9707876006;B
20240228;100305;292.61;350;9707876007;B
20240228;100305;292.61;1000;9707876008;B
20240228;100305;292.61;1030;9707876009;B
20240228;100305;292.62;400;9707876010;B
20240228;100305;292.63;2630;9707876011;B
20240228;100305;292.63;100;9707876012;B
20240228;100305;292.63;460;9707876013;B
20240228;100305;292.63;570;9707876014;B
20240228;100305;292.64;2390;9707876015;B
20240228;100305;292.64;7170;9707876016;B
20240228;100306;292.64;10;9707876082;B
20240228;100306;292.6;20;9707876112;S
20240228;100306;292.6;10;9707876113;S
20240228;100306;292.6;100;9707876114;S
20240228;100306;292.6;190;9707876115;S
20240228;100306;292.6;30;9707876116;S
20240228;100306;292.59;1660;9707876117;S
20240228;100306;292.6;10;9707876206;S
20240228;100306;292.6;380;9707876215;B
20240228;100307;292.6;100;9707876227;B
20240228;100307;292.6;100;9707876295;B
20240228;100307;292.6;150;9707876396;B
20240228;100308;292.6;10;9707876548;B
20240228;100308;292.6;10;9707876607;B
20240228;100309;292.6;10;9707876686;B
20240228;100309;292.6;100;9707876708;B
20240228;100309;292.6;60;9707876748;B
20240228;100309;292.6;320;9707876816;B
20240228;100310;292.59;100;9707876889;S
20240228;100310;292.6;50;9707876957;B
20240228;100311;292.59;10;9707877044;S
20240228;100311;292.6;10;9707877046;B
20240228;100311;292.6;90;9707877111;B
20240228;100311;292.59;500;9707877130;S
20240228;100311;292.59;150;9707877131;S
20240228;100312;292.59;10;9707877228;S
20240228;100313;292.6;400;9707877288;B
20240228;100315;292.59;40;9707877493;S
20240228;100315;292.6;20;9707877542;B
20240228;100315;292.6;70;9707877553;B
20240228;100315;292.6;110;9707877555;B
20240228;100315;292.6;100;9707877556;B
20240228;100315;292.6;80;9707877557;B
20240228;100315;292.6;80;9707877558;B
20240228;100315;292.6;80;9707877559;B
20240228;100315;292.6;80;9707877560;B
20240228;100315;292.6;80;9707877561;B
20240228;100315;292.6;80;9707877562;B
20240228;100315;292.6;2000;9707877563;B
20240228;100315;292.6;80;9707877564;B
20240228;100315;292.6;80;9707877565;B
20240228;100316;292.6;30;9707877600;S
20240228;100316;292.6;400;9707877601;S
20240228;100316;292.6;10;9707877602;S
20240228;100316;292.6;300;9707877603;S
20240228;100317;292.6;10;9707877844;B
20240228;100317;292.6;10;9707877963;B
20240228;100317;292.6;1400;9707878015;B
20240228;100318;292.59;400;9707878196;S
20240228;100319;292.59;460;9707878264;S
20240228;100319;292.6;810;9707878292;B
20240228;100319;292.6;190;9707878293;B
20240228;100320;292.59;20;9707878404;S
20240228;100320;292.6;110;9707878423;B
20240228;100320;292.6;600;9707878424;B
20240228;100320;292.6;100;9707878425;B
20240228;100320;292.6;650;9707878426;B
20240228;100320;292.6;450;9707878427;B
20240228;100320;292.61;280;9707878428;B
20240228;100320;292.61;20;9707878452;S
20240228;100321;292.62;20;9707878508;B
20240228;100321;292.61;1230;9707878564;S
20240228;100322;292.61;10;9707878763;S
20240228;100323;292.62;10;9707878852;B
20240228;100323;292.62;100;9707878886;B
20240228;100323;292.62;70;9707878936;B
20240228;100323;292.63;30;9707878937;B
20240228;100323;292.63;20;9707878966;B
20240228;100323;292.63;80;9707878967;B
20240228;100324;292.62;10;9707879004;B
20240228;100324;292.61;10;9707879150;S
20240228;100325;292.61;830;9707879323;S
20240228;100325;292.61;170;9707879324;S
20240228;100326;292.61;20;9707879364;S
20240228;100326;292.61;30;9707879370;S
20240228;100326;292.62;10;9707879464;B
20240228;100327;292.61;20;9707879594;S
20240228;100328;292.62;480;9707879793;B
20240228;100328;292.63;200;9707879794;B
20240228;100328;292.63;100;9707879795;B
20240228;100328;292.63;350;9707879796;B
20240228;100328;292.63;1030;9707879797;B
20240228;100328;292.63;350;9707879798;B
20240228;100328;292.64;10;9707879888;B
20240228;100328;292.64;10;9707879914;B
20240228;100328;292.63;10;9707880011;S
20240228;100329;292.63;80;9707880157;S
20240228;100329;292.62;420;9707880200;B
20240228;100329;292.63;880;9707880201;B
20240228;100330;292.62;50;9707880396;B
20240228;100331;292.61;40;9707880428;S
20240228;100332;292.62;20;9707880580;B
20240228;100332;292.62;10;9707880744;B
20240228;100333;292.62;20;9707881075;B
20240228;100334;292.62;90;9707881280;B
20240228;100334;292.62;960;9707881352;B
20240228;100334;292.62;100;9707881353;B
20240228;100334;292.62;480;9707881354;B
20240228;100335;292.62;10;9707881547;B
20240228;100335;292.61;220;9707881619;S
20240228;100335;292.61;10;9707881620;S
20240228;100335;292.61;500;9707881621;S
20240228;100335;292.61;10;9707881627;B
20240228;100335;292.61;260;9707881664;B
20240228;100335;292.61;140;9707881665;B
20240228;100336;292.61;30;9707881895;B
20240228;100337;292.61;830;9707881908;B
20240228;100337;292.62;510;9707881909;B
20240228;100337;292.62;880;9707881910;B
20240228;100337;292.62;190;9707881911;B
20240228;100337;292.63;350;9707881912;B
20240228;100337;292.63;1030;9707881913;B
20240228;100337;292.64;12800;9707881914;B
20240228;100337;292.64;50;9707881915;B
20240228;100337;292.64;10;9707881916;B
20240228;100337;292.64;570;9707881917;B
20240228;100337;292.65;500;9707881918;B
20240228;100337;292.65;10;9707881919;B
20240228;100337;292.65;570;9707881920;B
20240228;100337;292.66;410;9707881921;B
20240228;100337;292.66;6900;9707881922;B
20240228;100337;292.66;100;9707881923;B
20240228;100337;292.66;400;9707881924;B
20240228;100337;292.67;3890;9707881925;B
20240228;100337;292.66;10;9707882048;B
20240228;100337;292.63;30;9707882180;S
20240228;100340;292.64;400;9707882683;S
20240228;100340;292.64;190;9707882684;S
20240228;100340;292.63;20;9707882685;S
20240228;100340;292.63;350;9707882686;S
20240228;100340;292.63;4040;9707882687;S
20240228;100340;292.65;300;9707882689;B
20240228;100340;292.64;400;9707882733;S
20240228;100340;292.63;600;9707882734;S
20240228;100340;292.65;200;9707882747;B
20240228;100341;292.64;10;9707882962;S
20240228;100341;292.65;790;9707883076;B
20240228;100341;292.67;4210;9707883077;B
20240228;100342;292.66;280;9707883181;B
20240228;100342;292.66;430;9707883183;B
20240228;100342;292.67;5570;9707883184;B
20240228;100342;292.66;50;9707883187;S
20240228;100342;292.66;350;9707883228;S
20240228;100342;292.65;10;9707883229;S
20240228;100342;292.65;40;9707883230;B
20240228;100342;292.65;70;9707883365;B
20240228;100343;292.65;160;9707883425;B
20240228;100343;292.67;340;9707883426;B
20240228;100343;292.67;170;9707883447;B
20240228;100343;292.66;10;9707883528;B
20240228;100343;292.66;10;9707883539;B
20240228;100343;292.66;10;9707883559;B
20240228;100343;292.66;40;9707883564;B
20240228;100344;292.65;400;9707883643;S
20240228;100344;292.65;30;9707883644;S
20240228;100344;292.66;30;9707883666;B
20240228;100344;292.67;970;9707883667;B
20240228;100345;292.66;100;9707883774;B
20240228;100345;292.66;100;9707883809;B
20240228;100345;292.66;90;9707883859;B
20240228;100345;292.67;520;9707883860;B
20240228;100345;292.67;100;9707883875;B
20240228;100345;292.67;100;9707883983;B
20240228;100345;292.67;100;9707884012;B
20240228;100346;292.67;100;9707884050;B
20240228;100346;292.67;100;9707884108;B
20240228;100346;292.66;10;9707884112;S
20240228;100346;292.65;70;9707884113;S
20240228;100346;292.65;30;9707884114;S
20240228;100346;292.65;400;9707884115;S
20240228;100346;292.65;100;9707884123;B
20240228;100346;292.64;120;9707884127;S
20240228;100346;292.65;50;9707884137;B
20240228;100346;292.65;100;9707884139;B
20240228;100346;292.65;1710;9707884172;B
20240228;100347;292.65;100;9707884231;B
20240228;100347;292.65;50;9707884244;B
20240228;100347;292.65;100;9707884254;B
20240228;100347;292.65;280;9707884275;B
20240228;100347;292.65;50;9707884276;B
20240228;100347;292.67;100;9707884291;B
20240228;100347;292.67;60;9707884298;B
20240228;100347;292.67;100;9707884313;B
20240228;100347;292.67;100;9707884377;B
20240228;100347;292.67;100;9707884406;B
20240228;100348;292.67;100;9707884421;B
20240228;100348;292.67;100;9707884444;B
20240228;100348;292.67;100;9707884478;B
20240228;100348;292.67;20;9707884497;B
20240228;100348;292.67;100;9707884527;B
20240228;100348;292.67;100;9707884547;B
20240228;100349;292.67;100;9707884580;B
20240228;100349;292.67;100;9707884616;B
20240228;100349;292.67;130;9707884644;B
20240228;100349;292.67;10;9707884700;B
20240228;100351;292.67;500;9707884938;B
20240228;100351;292.67;20;9707884965;B
20240228;100351;292.66;370;9707884973;S
20240228;100352;292.67;30;9707885110;B
20240228;100352;292.67;80;9707885220;B
20240228;100352;292.66;10;9707885289;S
20240228;100352;292.66;10;9707885292;S
20240228;100353;292.67;30;9707885334;B
20240228;100353;292.66;190;9707885415;S
20240228;100353;292.67;80;9707885420;B
20240228;100353;292.67;200;9707885430;B
20240228;100354;292.67;300;9707885501;B
20240228;100354;292.67;50;9707885529;B
20240228;100354;292.67;80;9707885612;B
20240228;100356;292.67;50;9707885944;B
20240228;100356;292.67;120;9707885972;B
20240228;100356;292.67;100;9707886024;B
20240228;100357;292.67;10;9707886090;B
20240228;100357;292.67;1000;9707886197;B
20240228;100357;292.67;50;9707886235;B
20240228;100357;292.66;5000;9707886249;S
20240228;100357;292.67;300;9707886263;B
20240228;100358;292.67;550;9707886304;B
20240228;100359;292.67;80;9707886546;B
20240228;100359;292.67;2390;9707886560;B
20240228;100359;292.67;20;9707886561;B
20240228;100359;292.67;110;9707886562;B
20240228;100359;292.67;10;9707886563;B
20240228;100359;292.67;10;9707886564;B
20240228;100359;292.67;150;9707886565;B
20240228;100359;292.67;610;9707886566;B
20240228;100359;292.67;100;9707886630;B
20240228;100402;292.67;290;9707886994;B
20240228;100402;292.67;210;9707886995;B
20240228;100402;292.67;120;9707887001;B
20240228;100402;292.67;670;9707887058;B
20240228;100402;292.67;20;9707887059;B
20240228;100403;292.67;10;9707887080;B
20240228;100403;292.67;2190;9707887081;B
20240228;100403;292.68;10;9707887163;B
20240228;100403;292.68;230;9707887164;B
20240228;100403;292.68;100;9707887227;B
20240228;100403;292.68;100;9707887263;B
20240228;100404;292.68;300;9707887274;B
20240228;100404;292.68;330;9707887275;B
20240228;100404;292.68;100;9707887292;B
20240228;100404;292.68;100;9707887318;B
20240228;100404;292.68;120;9707887333;B
20240228;100404;292.68;100;9707887341;B
20240228;100404;292.68;20;9707887355;B
20240228;100404;292.68;60;9707887370;B
20240228;100404;292.68;40;9707887371;B
20240228;100404;292.68;500;9707887377;B
20240228;100404;292.68;100;9707887417;B
20240228;100404;292.68;1600;9707887431;B
20240228;100404;292.69;10000;9707887432;B
20240228;100404;292.69;350;9707887433;B
20240228;100404;292.7;1000;9707887434;B
20240228;100404;292.7;30;9707887435;B
20240228;100404;292.7;160;9707887436;B
20240228;100404;292.7;10;9707887437;B
20240228;100404;292.7;1000;9707887438;B
20240228;100404;292.7;4100;9707887439;B
20240228;100404;292.7;500;9707887440;B
20240228;100404;292.7;170;9707887441;B
20240228;100404;292.7;50;9707887442;B
20240228;100404;292.7;110;9707887443;B
20240228;100404;292.72;90;9707887444;B
20240228;100404;292.72;570;9707887445;B
20240228;100404;292.72;200;9707887446;B
20240228;100404;292.73;60;9707887447;B
20240228;100405;292.72;350;9707887461;S
20240228;100405;292.72;650;9707887462;S
20240228;100405;292.73;100;9707887464;B
20240228;100405;292.73;2400;9707887468;B
20240228;100405;292.73;300;9707887469;B
20240228;100405;292.73;2500;9707887470;B
20240228;100405;292.74;570;9707887471;B
20240228;100405;292.74;210;9707887472;B
20240228;100405;292.74;400;9707887473;B
20240228;100405;292.75;320;9707887474;B
20240228;100405;292.75;20;9707887475;B
20240228;100405;292.75;50;9707887476;B
20240228;100405;292.75;20;9707887477;B
20240228;100405;292.75;570;9707887478;B
20240228;100405;292.75;10;9707887479;B
20240228;100405;292.76;570;9707887480;B
20240228;100405;292.76;2000;9707887481;B
20240228;100405;292.77;10;9707887482;B
20240228;100405;292.77;50;9707887483;B
20240228;100405;292.77;100;9707887484;B
20240228;100405;292.77;3000;9707887485;B
20240228;100405;292.77;100;9707887486;B
20240228;100405;292.77;10;9707887487;B
20240228;100405;292.77;500;9707887488;B
20240228;100405;292.77;570;9707887489;B
20240228;100405;292.77;2000;9707887490;B
20240228;100405;292.78;3000;9707887491;B
20240228;100405;292.78;20;9707887492;B
20240228;100405;292.78;840;9707887493;B
20240228;100405;292.78;2000;9707887494;B
20240228;100405;292.78;7860;9707887495;B
20240228;100405;292.73;400;9707887499;S
20240228;100405;292.73;600;9707887500;S
20240228;100405;292.73;1000;9707887501;S
20240228;100405;292.74;1000;9707887502;S
20240228;100405;292.74;30;9707887503;S
20240228;100405;292.74;970;9707887605;B
20240228;100405;292.75;210;9707887606;B
20240228;100405;292.77;570;9707887607;B
20240228;100405;292.78;3530;9707887608;B
20240228;100405;292.77;40;9707887613;B
20240228;100405;292.72;350;9707887634;S
20240228;100405;292.71;570;9707887658;S
20240228;100405;292.7;350;9707887708;S
20240228;100405;292.7;1030;9707887709;S
20240228;100405;292.69;570;9707887710;S
20240228;100405;292.68;570;9707887711;S
20240228;100405;292.68;400;9707887712;S
20240228;100405;292.68;1530;9707887713;S
20240228;100405;292.67;2990;9707887714;S
20240228;100405;292.67;10;9707887715;S
20240228;100405;292.67;570;9707887716;S
20240228;100405;292.67;100;9707887724;B
20240228;100405;292.67;10000;9707887734;B
20240228;100405;292.66;200;9707887743;S
20240228;100405;292.66;10;9707887744;S
20240228;100405;292.66;80;9707887745;S
20240228;100405;292.67;10;9707887786;B
20240228;100405;292.67;100;9707887788;B
20240228;100405;292.67;100;9707887804;B
20240228;100406;292.67;100;9707887860;B
20240228;100406;292.67;100;9707887882;B
20240228;100406;292.67;100;9707887922;B
20240228;100406;292.67;10;9707887923;B
