<DATE>;<TIME>;<LAST>;<VOL>;<ID>;<OPER>
20240506;095958;308.1;10;10278928755;S
20240506;095958;308.1;10;10278928756;S
20240506;095958;308.1;10;10278928757;B
20240506;095958;308.1;10;10278928758;B
20240506;095958;308.1;10;10278928759;B
20240506;095958;308.1;10;10278928760;B
20240506;095958;308.1;660;10278928761;B
20240506;095958;308.1;10;10278928762;B
20240506;095958;308.1;10;10278928763;B
20240506;095958;308.1;20;10278928764;B
20240506;095958;308.1;740;10278928765;B
20240506;095958;308.1;30;10278928766;S
20240506;095958;308.1;20;10278928767;S
20240506;095958;308.1;20;10278928768;S
20240506;095958;308.1;270;10278928769;S
20240506;095958;308.1;40;10278928770;S
20240506;095958;308.1;10;10278928771;S
20240506;095958;308.1;30;10278928772;S
20240506;095958;308.1;130;10278928773;S
20240506;095958;308.1;10;10278928774;S
20240506;095958;308.1;700;10278928775;S
20240506;095958;308.1;20;10278928776;S
20240506;095958;308.1;10;10278928777;S
20240506;095958;308.1;300;10278928778;S
20240506;095958;308.1;10;10278928779;S
20240506;095958;308.1;10;10278928780;S
20240506;095958;308.1;20;10278928781;S
20240506;095958;308.1;10;10278928782;S
20240506;095958;308.1;10;10278928783;S
20240506;095958;308.1;10;10278928784;S
20240506;095958;308.1;30;10278928785;S
20240506;095958;308.1;100;10278928786;S
20240506;095958;308.1;10;10278928787;S
20240506;095958;308.1;10;10278928788;S
20240506;095958;308.1;10;10278928789;S
20240506;095958;308.1;10;10278928790;S
20240506;095958;308.1;3730;10278928791;S
20240506;095958;308.1;10;10278928792;S
20240506;095958;308.1;10;10278928793;S
20240506;095958;308.1;20;10278928794;S
20240506;095958;308.1;50;10278928795;S
20240506;095958;308.1;30;10278928796;S
20240506;095958;308.1;20;10278928797;S
20240506;095958;308.1;100;10278928798;S
20240506;095958;308.1;10;10278928799;B
20240506;095958;308.1;10;10278928800;S
20240506;095958;308.1;100;10278928801;S
20240506;095958;308.1;40;10278928802;B
20240506;095958;308.1;150;10278928803;S
20240506;095958;308.1;40;10278928804;B
20240506;095958;308.1;10;10278928805;S
20240506;095958;308.1;40;10278928806;B
20240506;095958;308.1;370;10278928807;S
20240506;095958;308.1;2200;10278928808;S
20240506;095958;308.1;60;10278928809;B
20240506;095958;308.1;20;10278928810;S
20240506;095958;308.1;700;10278928811;S
20240506;095958;308.1;110;10278928812;S
20240506;095958;308.1;10;10278928813;S
20240506;095958;308.1;170;10278928814;B
20240506;095958;308.1;50;10278928815;S
20240506;095958;308.1;10;10278928816;B
20240506;095958;308.1;80;10278928817;B
20240506;095958;308.1;690;10278928818;B
20240506;095958;308.1;10;10278928819;B
20240506;095958;308.1;30;10278928820;B
20240506;095958;308.1;10;10278928821;B
20240506;095958;308.1;10;10278928822;B
20240506;095958;308.1;10;10278928823;B
20240506;095958;308.1;10;10278928824;B
20240506;095958;308.1;30;10278928825;B
20240506;095958;308.1;850;10278928826;B
20240506;095958;308.1;10;10278928827;B
20240506;095958;308.1;1000;10278928828;B
20240506;095958;308.1;100;10278928829;B
20240506;095958;308.1;10;10278928830;B
20240506;095958;308.1;20;10278928831;B
20240506;095958;308.1;10;10278928832;B
20240506;095958;308.1;10;10278928833;B
20240506;095958;308.1;250;10278928834;B
20240506;095958;308.1;390;10278928835;B
20240506;095958;308.1;100;10278928836;B
20240506;095958;308.1;10;10278928837;B
20240506;095958;308.1;10;10278928838;B
20240506;095958;308.1;30;10278928839;B
20240506;095958;308.1;10;10278928840;B
20240506;095958;308.1;50;10278928841;B
20240506;095958;308.1;20;10278928842;B
20240506;095958;308.1;20;10278928843;B
20240506;095958;308.1;10;10278928844;B
20240506;095958;308.1;30;10278928845;B
20240506;095958;308.1;10;10278928846;B
20240506;095958;308.1;10;10278928847;B
20240506;095958;308.1;10;10278928848;B
20240506;095958;308.1;20;10278928849;B
20240506;095958;308.1;30;10278928850;B
20240506;095958;308.1;50;10278928851;B
20240506;095958;308.1;10;10278928852;B
20240506;095958;308.1;180;10278928853;B
20240506;095958;308.1;80;10278928854;B
20240506;095958;308.1;10;10278928855;B
20240506;095958;308.1;50;10278928856;B
20240506;095958;308.1;20;10278928857;B
20240506;095958;308.1;10;10278928858;B
20240506;095958;308.1;40;10278928859;B
20240506;095958;308.1;10;10278928860;B
20240506;095958;308.1;40;10278928861;B
20240506;095958;308.1;90;10278928862;B
20240506;095958;308.1;40;10278928863;B
20240506;095958;308.1;90;10278928864;B
20240506;095958;308.1;10;10278928865;B
20240506;095958;308.1;50;10278928866;B
20240506;095958;308.1;100;10278928867;B
20240506;095958;308.1;20;10278928868;B
20240506;095958;308.1;10;10278928869;B
20240506;095958;308.1;20;10278928870;B
20240506;095958;308.1;400;10278928871;B
20240506;095958;308.1;10;10278928872;B
20240506;095958;308.1;310;10278928873;B
20240506;095958;308.1;40;10278928874;B
20240506;095958;308.1;50;10278928875;B
20240506;095958;308.1;10;10278928876;B
20240506;095958;308.1;20;10278928877;B
20240506;095958;308.1;100;10278928878;B
20240506;095958;308.1;10;10278928879;B
20240506;095958;308.1;40;10278928880;S
20240506;095958;308.1;10;10278928881;S
20240506;095958;308.1;30;10278928882;S
20240506;095958;308.1;10;10278928883;S
20240506;095958;308.1;10;10278928884;S
20240506;095958;308.1;200;10278928885;S
20240506;095958;308.1;100;10278928886;S
20240506;095958;308.1;1620;10278928887;S
20240506;095958;308.1;10;10278928888;B
20240506;095958;308.1;30;10278928889;B
20240506;095958;308.1;10;10278928890;B
20240506;095958;308.1;20;10278928891;B
20240506;095958;308.1;20;10278928892;B
20240506;095958;308.1;10;10278928893;B
20240506;095958;308.1;1290;10278928894;B
20240506;095958;308.1;500;10278928895;S
20240506;095958;308.1;200;10278928896;B
20240506;095958;308.1;20;10278928897;S
20240506;095958;308.1;300;10278928898;B
20240506;095958;308.1;10;10278928899;S
20240506;095958;308.1;140;10278928900;S
20240506;095958;308.1;10;10278928901;S
20240506;095958;308.1;20;10278928902;B
20240506;095958;308.1;10;10278928903;S
20240506;095958;308.1;960;10278928904;B
20240506;095958;308.1;10;10278928905;S
20240506;095958;308.1;200;10278928906;B
20240506;095958;308.1;10;10278928907;B
20240506;095958;308.1;1620;10278928908;B
20240506;095958;308.1;180;10278928909;S
20240506;095958;308.1;3330;10278928910;B
20240506;095958;308.1;10;10278928911;S
20240506;095958;308.1;10;10278928912;B
20240506;095958;308.1;300;10278928913;B
20240506;095958;308.1;200;10278928914;B
20240506;095958;308.1;50;10278928915;B
20240506;095958;308.1;10;10278928916;B
20240506;095958;308.1;50;10278928917;B
20240506;095958;308.1;10;10278928918;B
20240506;095958;308.1;50;10278928919;B
20240506;095958;308.1;10;10278928920;B
20240506;095958;308.1;240;10278928921;B
20240506;095958;308.1;50;10278928922;B
20240506;095958;308.1;50;10278928923;B
20240506;095958;308.1;10;10278928924;B
20240506;095958;308.1;10;10278928925;S
20240506;095958;308.1;100;10278928926;B
20240506;095958;308.1;100;10278928927;B
20240506;095958;308.1;50;10278928928;B
20240506;095958;308.1;10;10278928929;B
20240506;095958;308.1;10;10278928930;B
20240506;095958;308.1;10;10278928931;B
20240506;095958;308.1;250;10278928932;B
20240506;095958;308.1;290;10278928933;B
20240506;095958;308.1;30;10278928934;B
20240506;095958;308.1;200;10278928935;B
20240506;095958;308.1;10;10278928936;B
20240506;095958;308.1;50;10278928937;B
20240506;095958;308.1;10;10278928938;B
20240506;095958;308.1;1330;10278928939;B
20240506;095958;308.1;50;10278928940;B
20240506;095958;308.1;1180;10278928941;S
20240506;095958;308.1;480;10278928942;S
20240506;095958;308.1;10;10278928943;S
20240506;095958;308.1;10;10278928944;S
20240506;095958;308.1;170;10278928945;S
20240506;095958;308.1;1820;10278928946;S
20240506;095958;308.1;10;10278928947;S
20240506;095958;308.1;10;10278928948;S
20240506;095958;308.1;10;10278928949;S
20240506;095958;308.1;10;10278928950;S
20240506;095958;308.1;20;10278928951;S
20240506;095958;308.1;10;10278928952;S
20240506;095958;308.1;10;10278928953;S
20240506;095958;308.1;10;10278928954;S
20240506;095958;308.1;10;10278928955;B
20240506;095958;308.1;50;10278928956;B
20240506;095958;308.1;10;10278928957;B
20240506;095958;308.1;390;10278928958;B
20240506;095958;308.1;10;10278928959;B
20240506;095958;308.1;10;10278928960;B
20240506;095958;308.1;40;10278928961;B
20240506;095958;308.1;160;10278928962;B
20240506;095958;308.1;2410;10278928963;B
20240506;095958;308.1;3210;10278928964;B
20240506;095958;308.1;100;10278928965;B
20240506;095958;308.1;10;10278928966;B
20240506;095958;308.1;20;10278928967;S
20240506;095958;308.1;750;10278928968;B
20240506;095958;308.1;10;10278928969;B
20240506;095958;308.1;200;10278928970;B
20240506;095958;308.1;10;10278928971;B
20240506;095958;308.1;5400;10278928972;B
20240506;095958;308.1;40;10278928973;S
20240506;095958;308.1;50;10278928974;B
20240506;095958;308.1;10;10278928975;B
20240506;095958;308.1;20;10278928976;B
20240506;095958;308.1;10;10278928977;B
20240506;095958;308.1;50;10278928978;B
20240506;095958;308.1;30;10278928979;B
20240506;095958;308.1;10;10278928980;B
20240506;095958;308.1;50;10278928981;B
20240506;095958;308.1;270;10278928982;B
20240506;095958;308.1;10;10278928983;B
20240506;095958;308.1;30;10278928984;B
20240506;095958;308.1;300;10278928985;B
20240506;095958;308.1;20;10278928986;B
20240506;095958;308.1;30;10278928987;B
20240506;095958;308.1;20;10278928988;B
20240506;095958;308.1;10;10278928989;B
20240506;095958;308.1;10;10278928990;B
20240506;095958;308.1;10;10278928991;B
20240506;095958;308.1;30;10278928992;B
20240506;095958;308.1;10;10278928993;B
20240506;095958;308.1;20;10278928994;B
20240506;095958;308.1;10;10278928995;B
20240506;095958;308.1;10;10278928996;B
20240506;095958;308.1;20;10278928997;B
20240506;095958;308.1;50;10278928998;B
20240506;095958;308.1;10;10278928999;B
20240506;095958;308.1;500;10278929000;B
20240506;095958;308.1;10;10278929001;B
20240506;095958;308.1;1230;10278929002;S
20240506;095958;308.1;100;10278929003;S
20240506;095958;308.1;500;10278929004;S
20240506;095958;308.1;1290;10278929005;S
20240506;095958;308.1;50000;10278929006;S
20240506;095958;308.1;40;10278929007;S
20240506;095958;308.1;10;10278929008;B
20240506;095958;308.1;10;10278929009;B
20240506;095958;308.1;70;10278929010;S
20240506;095958;308.1;10;10278929011;B
20240506;095958;308.1;10;10278929012;S
20240506;095958;308.1;10;10278929013;S
20240506;095958;308.1;10;10278929014;B
20240506;095958;308.1;10;10278929015;S
20240506;100000;308.08;20;10278929824;B
20240506;100000;308.02;70;10278930145;S
20240506;100000;308.02;10;10278930146;S
20240506;100000;308.01;120;10278930147;S
20240506;100000;308.01;10;10278930156;S
20240506;100000;308.09;10;10278930172;B
20240506;100001;308.02;330;10278930489;S
20240506;100001;308.02;400;10278930490;S
20240506;100001;308.01;1680;10278930491;S
20240506;100001;308.02;460;10278930577;B
20240506;100001;308.03;40;10278930578;B
20240506;100001;308.02;10;10278930686;B
20240506;100001;308.02;20;10278930825;B
20240506;100001;308.01;10;10278930826;S
20240506;100001;308.01;500;10278930866;S
20240506;100001;308.01;10;10278930914;S
20240506;100001;308.01;10;10278930954;S
20240506;100001;308.02;430;10278930959;B
20240506;100001;308.02;10;10278930960;B
20240506;100001;308.02;560;10278930961;B
20240506;100001;308.01;10;10278930970;S
20240506;100001;308.01;70;10278930979;S
20240506;100001;308.02;10;10278931007;B
20240506;100001;308.01;20;10278931052;S
20240506;100001;308.02;10;10278931094;B
20240506;100001;308.01;810;10278931145;S
20240506;100001;308;10;10278931146;S
20240506;100001;308;30;10278931147;S
20240506;100001;308;10;10278931148;S
20240506;100001;308;10;10278931149;S
20240506;100001;307.99;10;10278931240;B
20240506;100001;307.98;800;10278931250;S
20240506;100002;307.98;100;10278931429;S
20240506;100002;307.99;860;10278931442;B
20240506;100002;307.99;510;10278931443;B
20240506;100002;307.99;880;10278931444;B
20240506;100002;307.99;980;10278931445;B
20240506;100002;307.99;330;10278931446;B
20240506;100002;307.99;460;10278931447;B
20240506;100002;307.99;400;10278931448;B
20240506;100002;308;1610;10278931449;B
20240506;100002;307.99;510;10278931450;B
20240506;100002;307.99;460;10278931451;B
20240506;100002;308;520;10278931452;B
20240506;100002;308;460;10278931453;B
20240506;100002;308;170;10278931454;B
20240506;100002;308;20;10278931455;B
20240506;100002;308.01;460;10278931456;B
20240506;100002;308.02;450;10278931457;B
20240506;100002;308.03;420;10278931458;B
20240506;100002;308.03;460;10278931459;B
20240506;100002;308.03;70;10278931460;B
20240506;100002;308.01;70;10278931468;B
20240506;100002;307.98;10;10278931568;S
20240506;100002;308.01;10;10278931724;B
20240506;100002;307.98;200;10278931941;S
20240506;100002;308;10;10278932042;B
20240506;100002;307.98;11890;10278932067;S
20240506;100002;307.95;750;10278932068;S
20240506;100002;307.91;60;10278932104;B
20240506;100003;307.91;10;10278932232;B
20240506;100003;307.9;160;10278932726;S
20240506;100004;307.91;20;10278933084;B
20240506;100004;307.91;150;10278933613;B
20240506;100005;307.91;10;10278934200;B
20240506;100005;307.9;10;10278934207;S
20240506;100005;307.92;10;10278934212;B
20240506;100005;307.91;50;10278934217;B
20240506;100005;307.91;30;10278934221;B
20240506;100005;307.9;10;10278934226;S
20240506;100005;307.9;100;10278934365;S
20240506;100005;307.9;20;10278934794;S
20240506;100005;307.88;10;10278934795;S
20240506;100005;307.92;2350;10278935036;B
20240506;100005;307.98;400;10278935037;B
20240506;100005;308;510;10278935038;B
20240506;100005;308.01;460;10278935039;B
20240506;100005;308.02;460;10278935040;B
20240506;100005;308.03;460;10278935041;B
20240506;100005;308.04;460;10278935042;B
20240506;100005;308.05;460;10278935043;B
20240506;100005;307.93;20;10278935238;S
20240506;100005;308.02;10;10278935297;B
20240506;100005;307.89;20;10278935309;S
20240506;100005;308.03;10;10278935344;B
20240506;100005;307.91;10;10278935346;S
20240506;100005;307.93;10;10278935349;S
20240506;100005;308.02;10;10278935402;B
20240506;100005;308.04;60;10278935418;B
20240506;100005;307.95;10;10278935427;S
20240506;100005;307.95;10;10278935454;S
20240506;100005;308.04;510;10278935876;B
20240506;100005;308.05;10;10278935877;B
20240506;100005;308.05;460;10278935878;B
20240506;100005;308.05;400;10278935879;B
20240506;100005;308.06;460;10278935880;B
20240506;100005;308.07;460;10278935881;B
20240506;100005;308.08;460;10278935882;B
20240506;100005;308.09;460;10278935883;B
20240506;100005;308.09;1000;10278935884;B
20240506;100005;308.09;780;10278935885;B
20240506;100005;308.01;30;10278935980;S
20240506;100005;308.07;10;10278935996;B
20240506;100005;308.07;10;10278936036;B
20240506;100005;308.07;10;10278936070;B
20240506;100005;308.07;370;10278936089;B
20240506;100005;308.08;240;10278936090;B
20240506;100005;308.07;10;10278936098;B
20240506;100005;308.09;10;10278936117;B
20240506;100005;308.09;10;10278936143;B
20240506;100005;308.01;40;10278936193;S
20240506;100005;308.01;10;10278936338;S
20240506;100005;308.09;50;10278936375;B
20240506;100005;308.01;10;10278936394;S
20240506;100005;308.01;10;10278936403;S
20240506;100005;308.01;10;10278936500;S
20240506;100005;308.09;40;10278936755;B
20240506;100005;308.01;70;10278936762;S
20240506;100005;308.09;10;10278936772;B
20240506;100005;308.09;10;10278936780;B
20240506;100005;308.01;130;10278936784;S
20240506;100005;308.09;10;10278936792;B
20240506;100005;308.09;80;10278936802;B
20240506;100005;308.09;50;10278936803;B
20240506;100005;308.09;10;10278936810;B
20240506;100006;308.07;10;10278937012;B
20240506;100006;307.98;10;10278938020;B
20240506;100006;307.98;10;10278938038;B
20240506;100006;307.98;10;10278938041;B
20240506;100006;307.85;10;10278938045;S
20240506;100006;307.86;30;10278938053;S
20240506;100006;307.98;10;10278938057;B
20240506;100006;307.98;10;10278938066;B
20240506;100006;307.85;10;10278938069;S
20240506;100006;307.98;10;10278938103;B
20240506;100006;307.98;10;10278938107;B
20240506;100006;307.98;440;10278938125;B
20240506;100006;307.99;180;10278938126;B
20240506;100006;308.04;10;10278938384;B
20240506;100006;308.06;10;10278938413;B
20240506;100006;308.04;10;10278938434;B
20240506;100006;308.06;20;10278938450;B
20240506;100006;308.06;10;10278938459;B
20240506;100006;308.06;10;10278938469;B
20240506;100006;308.06;10;10278938473;B
20240506;100006;308.06;410;10278938476;B
20240506;100006;308.06;30;10278938484;B
20240506;100006;308.08;10;10278938495;B
20240506;100006;307.97;10;10278938508;S
20240506;100006;308.08;10;10278938537;B
20240506;100006;308.09;10;10278938552;B
20240506;100006;307.98;40;10278938566;S
20240506;100006;308.06;10;10278938771;B
20240506;100006;308.07;30;10278938829;B
20240506;100006;307.92;10;10278939579;B
20240506;100006;307.92;30;10278939588;S
20240506;100006;308.04;10;10278939593;B
20240506;100006;308.05;10;10278939602;B
20240506;100006;308.08;10;10278939610;B
20240506;100006;307.96;10;10278939618;S
20240506;100006;308.06;20;10278939624;B
20240506;100006;308.09;150;10278939631;B
20240506;100006;308.09;300;10278939632;B
20240506;100006;308.09;20;10278939633;B
20240506;100006;307.98;10;10278939641;S
20240506;100006;308.09;10;10278939648;B
20240506;100006;308.09;10;10278939652;B
20240506;100006;308.09;10;10278939656;B
20240506;100006;308;10;10278939664;S
20240506;100006;308;10;10278939672;S
20240506;100006;308;10;10278939687;S
20240506;100006;308.09;530;10278939698;B
20240506;100006;308.09;10;10278939771;B
20240506;100006;308.09;10;10278939774;B
20240506;100006;308;20;10278939781;S
20240506;100006;308.09;10;10278939786;B
20240506;100006;308.09;10;10278939791;B
20240506;100006;308;200;10278939793;S
20240506;100006;308;10;10278939798;S
20240506;100006;308.09;20;10278939803;B
20240506;100006;308;970;10278939809;S
20240506;100006;307.99;760;10278939810;S
20240506;100006;307.99;460;10278939811;S
20240506;100006;307.98;450;10278939812;S
20240506;100006;307.97;460;10278939813;S
20240506;100006;307.97;400;10278939814;S
20240506;100006;307.96;460;10278939815;S
20240506;100006;307.95;460;10278939816;S
20240506;100006;307.94;460;10278939817;S
20240506;100006;307.93;460;10278939818;S
20240506;100006;307.92;460;10278939819;S
20240506;100006;307.92;870;10278939820;S
20240506;100006;307.91;460;10278939821;S
20240506;100006;307.9;460;10278939822;S
20240506;100006;307.87;2000;10278939823;S
20240506;100006;307.84;20;10278939824;S
20240506;100006;307.84;30;10278939825;S
20240506;100006;307.84;10;10278939826;S
20240506;100006;307.84;10;10278939827;S
20240506;100006;307.84;40;10278939828;S
20240506;100006;307.82;1460;10278939829;S
20240506;100006;307.82;330;10278939830;S
20240506;100006;307.82;1140;10278939831;S
20240506;100006;307.81;2000;10278939832;S
20240506;100006;307.81;1000;10278939833;S
20240506;100006;307.8;120;10278939834;S
20240506;100006;307.8;480;10278939835;S
20240506;100006;307.8;10;10278939840;S
20240506;100007;308.07;20;10278940106;B
20240506;100007;308.08;10;10278940132;B
20240506;100007;308.06;10;10278940293;B
20240506;100007;307.97;100;10278940442;S
20240506;100007;308.07;10;10278940651;B
20240506;100007;307.97;400;10278940716;S
20240506;100007;307.94;430;10278940717;S
20240506;100007;307.93;70;10278940718;S
20240506;100007;308.01;10;10278940921;B
20240506;100007;308.01;10;10278940925;B
20240506;100007;307.88;10;10278940928;S
20240506;100007;308.01;10;10278940933;B
20240506;100007;308.01;150;10278940934;B
20240506;100007;308.01;10;10278940935;B
20240506;100007;308.01;10;10278940940;B
20240506;100007;308.01;10;10278940942;B
20240506;100007;308.01;10;10278940945;B
20240506;100007;307.88;10;10278940947;S
20240506;100007;308.01;40;10278941041;B
20240506;100007;308.06;10;10278941566;B
20240506;100007;308.08;10;10278941568;B
20240506;100007;307.91;10;10278941570;S
20240506;100007;307.91;100;10278941573;S
20240506;100007;307.91;10;10278941574;S
20240506;100007;308.06;10;10278941580;B
20240506;100007;308.06;10;10278941581;B
20240506;100007;308.06;40;10278941582;B
20240506;100007;308.05;10;10278941585;B
20240506;100007;307.91;10;10278941698;S
20240506;100008;308.06;60;10278941705;B
20240506;100008;308.04;10;10278941713;B
20240506;100008;308.08;10;10278941719;B
20240506;100008;307.91;10;10278941733;S
20240506;100008;308.06;10;10278941742;B
20240506;100008;308.06;10;10278941745;B
20240506;100008;307.91;10;10278941747;S
20240506;100008;308.06;10;10278941751;B
20240506;100008;307.91;50;10278941753;S
20240506;100008;308.07;10;10278942362;B
20240506;100008;308.07;10;10278942370;B
20240506;100008;308.07;30;10278942383;B
20240506;100008;307.94;170;10278942387;S
20240506;100008;308.07;10;10278942399;B
20240506;100008;308.09;460;10278943327;B
20240506;100008;308.09;1540;10278943328;B
20240506;100008;308.08;20;10278943334;B
20240506;100008;308.07;40;10278943338;B
20240506;100008;308.07;10;10278943340;B
20240506;100008;308.07;10;10278943608;B
20240506;100008;307.96;30;10278943628;S
20240506;100008;308.07;10;10278943630;B
20240506;100008;308.07;60;10278943633;B
20240506;100008;307.96;10;10278943634;S
20240506;100009;307.96;70;10278943811;S
20240506;100009;308.09;10;10278943851;B
20240506;100009;308.09;10;10278944699;B
20240506;100009;307.97;10;10278944701;S
20240506;100009;308.09;10;10278944703;B
20240506;100009;307.97;80;10278944704;S
20240506;100009;307.95;10;10278944707;S
20240506;100010;308.09;40;10278945344;B
20240506;100010;308.07;50;10278945391;B
20240506;100010;307.95;150;10278945456;S
20240506;100010;308.07;120;10278945493;B
20240506;100010;308.09;10;10278945561;B
20240506;100010;308.08;10;10278945562;B
20240506;100010;308.08;10;10278945563;B
20240506;100010;307.96;10;10278945564;S
20240506;100010;307.96;30;10278945565;S
20240506;100010;308.07;10;10278945566;B
20240506;100010;307.96;10;10278945568;S
20240506;100010;308.09;120;10278945573;B
20240506;100010;308.08;30;10278945614;B
20240506;100010;308.09;60;10278945693;B
20240506;100010;308.09;10;10278945750;B
20240506;100010;307.97;170;10278945858;S
20240506;100010;307.96;50;10278945902;S
20240506;100010;307.95;40;10278945904;S
20240506;100010;308.07;10;10278945908;B
20240506;100010;308.07;20;10278945912;B
20240506;100010;307.98;400;10278945917;S
20240506;100010;307.98;10;10278945923;S
20240506;100010;307.97;330;10278945949;S
20240506;100010;307.96;510;10278945950;S
20240506;100010;307.96;400;10278945951;S
20240506;100010;307.94;460;10278945952;S
20240506;100010;307.93;460;10278945953;S
20240506;100010;307.92;460;10278945954;S
20240506;100010;307.91;460;10278945955;S
20240506;100010;307.9;460;10278945956;S
20240506;100010;307.89;460;10278945957;S
20240506;100010;307.88;460;10278945958;S
20240506;100010;307.88;880;10278945959;S
20240506;100010;307.87;460;10278945960;S
20240506;100010;307.87;2000;10278945961;S
20240506;100010;307.86;460;10278945962;S
20240506;100010;307.86;870;10278945963;S
20240506;100010;307.85;460;10278945964;S
20240506;100010;307.82;90;10278945965;S
20240506;100010;307.81;2000;10278945966;S
20240506;100010;307.8;2810;10278945967;S
20240506;100010;307.8;6510;10278945968;S
20240506;100010;308.06;70;10278945980;B
20240506;100010;308.01;360;10278946169;B
20240506;100010;308.05;70;10278946199;B
20240506;100010;308.03;30;10278946270;B
20240506;100010;308.03;10;10278946288;B
20240506;100010;307.9;500;10278946357;S
20240506;100010;307.9;20;10278946362;S
20240506;100010;308.03;130;10278946423;B
20240506;100010;308.05;60;10278946469;B
20240506;100010;308.05;20;10278946491;B
20240506;100010;308.05;300;10278946657;B
20240506;100010;308.05;20;10278946677;B
20240506;100010;308.05;30;10278946678;B
20240506;100010;307.95;10;10278946717;S
20240506;100010;308.05;10;10278946720;B
20240506;100010;308.03;10;10278946722;B
20240506;100010;308.03;10;10278946723;B
20240506;100010;308.04;10;10278946725;B
20240506;100010;308.07;10;10278946728;B
20240506;100010;308.05;100;10278946762;B
20240506;100010;308.05;20;10278946765;B
20240506;100011;308.05;10;10278947000;B
20240506;100011;307.91;30;10278947124;S
20240506;100011;307.99;10;10278947226;B
20240506;100011;307.99;10;10278947228;B
20240506;100011;307.91;50;10278947233;S
20240506;100011;307.91;250;10278947234;S
20240506;100011;307.99;20;10278947320;B
20240506;100011;307.91;300;10278947324;S
20240506;100012;307.9;40;10278947658;S
20240506;100013;307.97;400;10278947677;B
20240506;100013;307.97;100;10278947678;B
20240506;100013;307.97;360;10278947692;B
20240506;100013;307.97;870;10278947693;B
20240506;100013;307.98;700;10278947694;B
20240506;100013;307.98;70;10278947695;B
20240506;100013;307.99;420;10278947740;B
20240506;100013;307.99;240;10278947741;B
20240506;100013;307.99;30;10278947932;B
20240506;100013;307.99;130;10278948031;B
20240506;100014;307.94;100;10278948265;S
20240506;100014;307.94;10;10278948305;S
20240506;100016;307.99;50;10278948767;B
20240506;100016;307.97;230;10278948826;B
20240506;100016;307.97;90;10278948828;B
20240506;100017;307.9;60;10278949025;S
20240506;100018;307.88;560;10278949271;B
20240506;100018;307.88;10;10278949422;B
20240506;100019;307.86;10;10278949620;B
20240506;100019;307.84;50;10278949690;S
20240506;100019;307.81;40;10278949691;S
20240506;100019;307.81;330;10278949692;S
20240506;100019;307.8;130;10278949693;S
20240506;100020;307.86;10;10278949773;B
20240506;100021;307.83;10;10278950045;B
20240506;100021;307.81;20;10278950114;S
20240506;100021;307.83;10;10278950263;B
20240506;100022;307.83;90;10278950325;B
20240506;100022;307.83;70;10278950326;B
20240506;100023;307.88;10;10278950937;B
20240506;100024;307.87;870;10278951046;S
20240506;100024;307.86;980;10278951047;S
20240506;100024;307.84;330;10278951048;S
20240506;100024;307.84;400;10278951049;S
20240506;100024;307.83;510;10278951050;S
20240506;100024;307.83;880;10278951051;S
20240506;100024;307.83;360;10278951052;S
20240506;100024;307.88;1500;10278951088;B
20240506;100024;307.84;400;10278951159;S
20240506;100024;307.84;330;10278951160;S
20240506;100024;307.84;510;10278951161;S
20240506;100024;307.83;880;10278951162;S
20240506;100024;307.83;220;10278951163;S
20240506;100026;307.87;10;10278951666;B
20240506;100026;307.87;50;10278951678;B
20240506;100026;307.87;40;10278951679;B
20240506;100026;307.88;40;10278951680;B
20240506;100026;307.89;140;10278951681;B
20240506;100028;307.89;600;10278952412;B
20240506;100028;307.89;2500;10278952413;B
20240506;100028;307.9;460;10278952414;B
20240506;100028;307.9;400;10278952415;B
20240506;100028;307.91;460;10278952416;B
20240506;100028;307.92;460;10278952417;B
20240506;100028;307.92;380;10278952418;B
20240506;100028;307.93;460;10278952419;B
20240506;100028;307.93;110;10278952420;B
20240506;100028;307.94;460;10278952421;B
20240506;100028;307.94;1000;10278952422;B
20240506;100028;307.95;460;10278952423;B
20240506;100028;307.95;2150;10278952424;B
20240506;100028;307.9;20;10278952478;S
20240506;100029;307.9;100;10278952564;S
20240506;100029;307.91;100;10278952718;S
20240506;100030;307.96;10;10278952828;B
20240506;100030;307.96;100;10278952835;B
20240506;100030;307.91;90;10278952904;S
20240506;100031;307.97;10;10278953086;B
20240506;100031;307.97;20;10278953087;B
20240506;100032;307.99;10;10278953411;B
20240506;100032;307.99;100;10278953463;B
20240506;100032;307.91;10;10278953481;S
20240506;100032;307.99;20;10278953483;B
20240506;100034;307.91;90;10278953834;S
20240506;100034;307.99;330;10278953890;B
20240506;100034;307.99;400;10278953891;B
20240506;100034;307.99;900;10278953892;B
20240506;100034;307.92;20;10278953950;S
20240506;100035;307.97;80;10278954168;B
20240506;100035;307.93;980;10278954320;S
20240506;100035;307.93;20;10278954321;S
20240506;100035;307.97;30;10278954335;B
20240506;100035;307.99;100;10278954336;B
20240506;100035;307.99;30;10278954337;B
20240506;100036;307.93;90;10278954358;S
20240506;100036;307.99;20;10278954496;B
20240506;100036;307.99;440;10278954515;B
20240506;100036;307.97;550;10278954641;S
20240506;100038;307.94;90;10278955034;S
20240506;100038;307.94;890;10278955170;S
20240506;100038;307.94;400;10278955171;S
20240506;100038;307.92;210;10278955172;S
20240506;100039;308;10;10278955386;B
20240506;100039;307.95;90;10278955501;S
20240506;100041;307.95;40;10278955899;S
20240506;100041;308;10;10278955991;B
20240506;100041;307.99;10;10278956031;S
20240506;100041;307.99;80;10278956032;S
20240506;100042;307.99;10;10278956291;S
20240506;100043;308;140;10278956496;B
20240506;100043;308;10;10278956657;B
20240506;100043;308;10;10278956677;B
20240506;100044;307.99;30;10278956713;S
20240506;100044;308;30;10278956718;B
20240506;100044;308;1500;10278956741;B
20240506;100044;308;10;10278956904;B
20240506;100045;307.99;10;10278956955;S
20240506;100045;307.99;270;10278957025;S
20240506;100045;307.99;30;10278957026;S
20240506;100045;308;80;10278957084;B
20240506;100045;308;50;10278957115;B
20240506;100045;308;50;10278957116;B
20240506;100045;308;140;10278957187;B
20240506;100046;307.99;470;10278957273;S
20240506;100046;307.99;10;10278957274;S
20240506;100046;307.99;400;10278957275;S
20240506;100046;307.97;10;10278957276;S
20240506;100046;307.97;980;10278957277;S
20240506;100046;307.97;240;10278957278;S
20240506;100046;307.98;10;10278957394;S
20240506;100047;308;10;10278957596;B
20240506;100047;308;100;10278957601;B
20240506;100048;307.99;400;10278957700;S
20240506;100048;307.99;240;10278957701;S
20240506;100048;307.99;330;10278957702;S
20240506;100048;307.98;970;10278957703;S
20240506;100048;307.98;1470;10278957704;S
20240506;100048;307.96;460;10278957705;S
20240506;100048;307.95;460;10278957706;S
20240506;100048;307.94;460;10278957707;S
20240506;100048;307.94;210;10278957708;S
20240506;100048;307.96;10;10278957743;S
20240506;100049;307.98;30;10278958156;B
20240506;100049;307.98;370;10278958163;B
20240506;100049;307.99;510;10278958164;B
20240506;100049;308;120;10278958165;B
20240506;100050;307.99;10;10278958284;B
20240506;100050;307.91;30;10278958371;S
20240506;100050;308;10;10278958503;B
20240506;100052;308;30;10278959032;B
20240506;100053;308;20;10278959236;B
20240506;100054;307.91;100;10278959506;S
20240506;100055;308;520;10278959708;B
20240506;100055;308;110;10278959709;B
20240506;100055;308;150;10278959710;B
20240506;100055;308;300;10278959711;B
20240506;100055;308;20;10278959712;B
20240506;100055;308;420;10278959713;B
20240506;100055;308.01;400;10278959714;B
20240506;100055;308.03;30;10278959715;B
20240506;100055;308.03;10;10278959716;B
20240506;100055;308.03;460;10278959717;B
20240506;100055;308.04;80;10278959718;B
20240506;100056;308.04;60;10278959875;B
20240506;100056;308.02;10;10278959990;B
20240506;100056;307.98;10;10278960098;S
20240506;100057;308;100;10278960204;B
20240506;100057;308.02;60;10278960205;B
20240506;100057;307.99;500;10278960287;S
20240506;100058;307.98;400;10278960459;S
20240506;100058;307.97;600;10278960460;S
20240506;100058;307.99;90;10278960602;B
20240506;100059;307.97;20;10278960625;S
20240506;100059;307.99;10;10278960705;B
20240506;100059;307.99;10;10278960787;B
20240506;100059;307.97;200;10278960860;S
20240506;100100;307.99;10;10278960914;B
20240506;100100;307.92;10;10278961094;S
20240506;100100;307.99;20;10278961190;B
20240506;100101;307.93;400;10278961521;B
20240506;100101;307.94;100;10278961522;B
20240506;100101;307.94;160;10278961546;B
20240506;100102;307.91;10;10278961684;S
20240506;100103;307.91;10;10278962105;S
20240506;100104;307.91;10;10278962284;S
20240506;100104;307.91;10;10278962306;S
20240506;100104;307.91;160;10278962355;S
20240506;100104;307.91;40;10278962356;S
20240506;100104;307.91;50;10278962440;S
20240506;100105;307.92;10;10278962505;B
20240506;100107;307.93;100;10278962923;B
20240506;100107;307.94;510;10278962924;B
20240506;100107;307.94;980;10278962925;B
20240506;100107;307.95;330;10278962926;B
20240506;100107;307.95;460;10278962927;B
20240506;100107;307.96;460;10278962928;B
20240506;100107;307.96;880;10278962929;B
20240506;100107;307.96;400;10278962930;B
20240506;100107;307.97;80;10278962931;B
20240506;100107;307.96;500;10278963014;B
20240506;100108;307.96;20;10278963119;B
20240506;100109;307.96;10;10278963253;B
20240506;100109;307.96;400;10278963254;B
20240506;100109;307.97;980;10278963255;B
20240506;100109;307.98;510;10278963256;B
20240506;100109;307.98;460;10278963257;B
20240506;100109;307.98;330;10278963258;B
20240506;100109;307.99;200;10278963259;B
20240506;100112;307.91;50;10278963780;S
20240506;100112;307.91;50;10278963793;S
20240506;100113;307.91;30;10278964010;S
20240506;100114;307.91;500;10278964220;S
20240506;100115;307.92;330;10278964390;B
20240506;100115;307.91;80;10278964395;S
20240506;100115;307.91;10;10278964396;S
20240506;100115;307.9;500;10278964397;S
20240506;100115;307.89;500;10278964515;S
20240506;100115;307.84;460;10278964516;S
20240506;100115;307.84;10;10278964517;S
20240506;100115;307.83;30;10278964518;S
20240506;100115;307.87;100;10278964537;B
20240506;100115;307.89;880;10278964538;B
20240506;100115;307.89;330;10278964539;B
20240506;100115;307.89;510;10278964540;B
20240506;100115;307.89;980;10278964541;B
20240506;100115;307.9;2410;10278964542;B
20240506;100115;307.91;400;10278964543;B
20240506;100115;307.93;890;10278964544;B
20240506;100117;307.81;200;10278965020;S
20240506;100117;307.8;10;10278965026;S
20240506;100117;307.83;60;10278965031;B
20240506;100118;307.83;520;10278965142;B
20240506;100118;307.81;10;10278965281;B
20240506;100119;307.81;90;10278965438;B
20240506;100120;307.8;170;10278965560;S
20240506;100122;307.81;110;10278965877;B
20240506;100122;307.81;190;10278965881;B
20240506;100122;307.82;200;10278965882;B
20240506;100122;307.87;880;10278965883;B
20240506;100122;307.87;730;10278965884;B
20240506;100122;307.8;3180;10278965889;S
20240506;100122;307.8;50;10278965890;S
20240506;100122;307.8;10;10278965891;S
20240506;100122;307.8;14760;10278965892;S
20240506;100122;307.85;10;10278965910;B
20240506;100123;307.81;100;10278966117;S
20240506;100124;307.85;30;10278966326;B
20240506;100124;307.85;10;10278966393;B
20240506;100126;307.81;10;10278966930;B
20240506;100127;307.8;5000;10278967266;S
20240506;100127;307.8;20;10278967267;S
20240506;100127;307.81;90;10278967283;B
20240506;100127;307.81;20;10278967284;B
20240506;100127;307.8;10;10278967312;S
20240506;100129;307.82;10;10278967572;B
20240506;100129;307.82;10;10278967669;B
20240506;100130;307.8;210;10278967825;S
20240506;100130;307.8;10;10278967826;S
20240506;100130;307.8;110;10278967827;S
20240506;100130;307.8;310;10278967840;S
20240506;100130;307.8;10;10278967895;S
20240506;100132;307.8;70;10278968147;S
20240506;100132;307.8;10;10278968148;S
20240506;100132;307.8;10;10278968157;B
20240506;100132;307.8;10;10278968186;B
20240506;100132;307.78;450;10278968377;S
20240506;100132;307.78;100;10278968378;S
20240506;100132;307.77;400;10278968412;S
20240506;100132;307.76;700;10278968413;S
20240506;100132;307.76;530;10278968414;S
20240506;100133;307.7;510;10278968550;S
20240506;100134;307.74;980;10278968730;B
20240506;100134;307.75;330;10278968731;B
20240506;100134;307.75;700;10278968732;B
20240506;100134;307.77;400;10278968733;B
20240506;100134;307.8;100;10278968734;B
20240506;100134;307.81;420;10278968735;B
20240506;100134;307.81;510;10278968736;B
20240506;100134;307.82;460;10278968737;B
20240506;100134;307.83;460;10278968738;B
20240506;100134;307.83;2000;10278968739;B
20240506;100134;307.83;8000;10278968740;B
20240506;100134;307.84;460;10278968741;B
20240506;100134;307.84;180;10278968742;B
20240506;100134;307.7;10;10278968803;S
20240506;100134;307.76;10;10278968885;S
20240506;100135;307.76;250;10278969078;S
20240506;100136;307.76;140;10278969162;S
20240506;100136;307.76;200;10278969163;S
20240506;100136;307.75;10;10278969212;S
20240506;100136;307.75;250;10278969213;S
20240506;100136;307.77;20;10278969228;B
20240506;100137;307.77;10;10278969344;B
20240506;100141;307.7;100;10278970344;S
20240506;100141;307.74;100;10278970391;B
20240506;100141;307.77;400;10278970392;B
20240506;100142;307.7;280;10278970743;S
20240506;100142;307.7;10;10278970744;S
20240506;100142;307.7;20;10278970745;S
20240506;100142;307.7;20;10278970746;S
20240506;100142;307.7;180;10278970747;S
20240506;100145;307.7;820;10278971462;S
20240506;100145;307.7;10;10278971463;S
20240506;100145;307.7;170;10278971464;S
20240506;100146;307.7;290;10278971579;S
20240506;100146;307.7;400;10278971580;S
20240506;100146;307.69;310;10278971581;S
20240506;100146;307.69;460;10278971598;S
20240506;100146;307.69;540;10278971599;S
20240506;100146;307.69;460;10278971618;S
20240506;100146;307.69;540;10278971619;S
20240506;100146;307.69;460;10278971625;S
20240506;100146;307.69;540;10278971626;S
20240506;100146;307.69;460;10278971642;S
20240506;100146;307.69;540;10278971643;S
20240506;100149;307.69;2200;10278972500;S
20240506;100149;307.69;400;10278972501;B
20240506;100149;307.69;880;10278972502;B
20240506;100149;307.69;400;10278972503;B
20240506;100149;307.69;330;10278972504;B
20240506;100149;307.69;400;10278972505;B
20240506;100149;307.69;330;10278972506;B
20240506;100149;307.69;330;10278972508;B
20240506;100149;307.69;330;10278972510;B
20240506;100149;307.69;330;10278972511;B
20240506;100149;307.69;60;10278972596;B
20240506;100149;307.68;100;10278972652;S
20240506;100149;307.65;50;10278972653;S
20240506;100150;307.65;150;10278972710;S
20240506;100150;307.65;150;10278972742;S
20240506;100150;307.66;30;10278972752;B
20240506;100150;307.65;150;10278972755;S
20240506;100150;307.65;150;10278972777;S
20240506;100150;307.65;150;10278972790;S
20240506;100150;307.65;150;10278972842;S
20240506;100150;307.65;150;10278972867;S
20240506;100150;307.65;200;10278972868;S
20240506;100151;307.65;200;10278972893;S
20240506;100151;307.66;30;10278972969;B
20240506;100153;307.66;20;10278973248;B
20240506;100153;307.65;150;10278973438;S
20240506;100154;307.65;30;10278973461;S
20240506;100154;307.66;20;10278973485;B
20240506;100154;307.65;50;10278973639;S
20240506;100155;307.65;5000;10278973716;S
20240506;100156;307.66;10;10278973842;B
20240506;100156;307.66;10;10278973843;B
20240506;100157;307.66;10;10278974207;B
20240506;100158;307.65;100;10278974304;S
20240506;100158;307.65;100;10278974321;S
20240506;100158;307.65;100;10278974335;S
20240506;100158;307.65;20;10278974352;S
20240506;100200;307.65;420;10278974761;S
20240506;100201;307.65;1000;10278975025;S
20240506;100202;307.66;170;10278975139;B
20240506;100204;307.65;200;10278975560;S
20240506;100206;307.66;50;10278975818;B
20240506;100206;307.65;180;10278975989;S
20240506;100208;307.65;1000;10278976307;S
20240506;100208;307.65;150;10278976308;S
20240506;100208;307.65;10;10278976309;S
20240506;100208;307.65;840;10278976310;S
20240506;100208;307.65;900;10278976311;S
20240506;100208;307.66;10;10278976459;B
20240506;100209;307.65;80;10278976574;S
20240506;100211;307.66;100;10278976806;B
20240506;100211;307.65;20;10278976865;S
20240506;100211;307.66;30;10278976897;B
20240506;100211;307.66;10;10278976933;B
20240506;100211;307.65;10;10278977024;S
20240506;100212;307.66;10;10278977488;B
20240506;100213;307.66;190;10278977921;B
20240506;100213;307.66;240;10278977922;B
20240506;100214;307.66;100;10278978173;B
20240506;100214;307.66;50;10278978357;B
20240506;100215;307.65;150;10278978623;S
20240506;100215;307.65;50;10278978624;S
20240506;100215;307.65;50;10278978625;S
20240506;100215;307.65;2000;10278978626;S
20240506;100215;307.65;100;10278978627;S
20240506;100215;307.65;150;10278978628;S
20240506;100216;307.65;350;10278978808;S
20240506;100216;307.65;10;10278978809;S
20240506;100216;307.65;100;10278978810;S
20240506;100217;307.63;330;10278978960;S
20240506;100217;307.63;330;10278978962;B
20240506;100217;307.63;460;10278978963;B
20240506;100217;307.63;870;10278978964;B
20240506;100217;307.63;980;10278978965;B
20240506;100217;307.63;880;10278978966;B
20240506;100217;307.63;880;10278978969;B
20240506;100217;307.63;330;10278978970;B
20240506;100217;307.63;190;10278978971;B
20240506;100217;307.63;510;10278978979;B
20240506;100217;307.63;510;10278978980;B
20240506;100217;307.63;430;10278978981;B
20240506;100217;307.63;980;10278978983;B
20240506;100217;307.63;980;10278978985;B
20240506;100217;307.64;100;10278979016;B
20240506;100217;307.63;8000;10278979120;S
20240506;100217;307.63;400;10278979121;S
20240506;100217;307.62;10;10278979122;S
20240506;100217;307.62;620;10278979123;S
20240506;100217;307.6;970;10278979124;S
20240506;100217;307.61;100;10278979125;S
20240506;100219;307.6;400;10278979526;S
20240506;100220;307.6;300;10278979753;S
20240506;100220;307.63;50;10278979806;B
20240506;100220;307.63;10;10278979837;B
20240506;100220;307.63;90;10278979856;B
20240506;100221;307.61;20;10278980067;B
20240506;100221;307.6;10;10278980068;S
20240506;100223;307.61;10;10278980464;B
20240506;100223;307.6;100;10278980492;S
20240506;100223;307.61;100;10278980582;B
20240506;100224;307.61;940;10278980834;B
20240506;100224;307.61;60;10278980835;B
20240506;100224;307.6;100;10278980902;S
20240506;100224;307.6;30;10278980927;S
20240506;100225;307.61;10;10278981099;B
20240506;100226;307.6;20;10278981191;S
20240506;100226;307.6;370;10278981376;S
20240506;100227;307.6;1000;10278981617;S
20240506;100227;307.6;1000;10278981618;S
20240506;100227;307.6;200;10278981644;S
20240506;100228;307.6;400;10278981861;S
20240506;100228;307.6;1000;10278981862;S
20240506;100228;307.61;50;10278981911;B
20240506;100228;307.6;500;10278981993;S
20240506;100228;307.61;10;10278982149;B
20240506;100229;307.61;740;10278982467;B
20240506;100229;307.61;500;10278982468;B
20240506;100229;307.61;260;10278982469;B
20240506;100229;307.6;100;10278982566;S
20240506;100229;307.6;200;10278982567;S
20240506;100229;307.6;800;10278982770;S
20240506;100229;307.6;700;10278982771;S
20240506;100230;307.6;100;10278982801;S
20240506;100230;307.6;200;10278982875;S
20240506;100230;307.6;100;10278982876;S
20240506;100231;307.6;100;10278983095;S
20240506;100231;307.6;50;10278983099;S
20240506;100231;307.6;100;10278983120;S
20240506;100231;307.61;60;10278983163;B
20240506;100231;307.6;550;10278983198;S
20240506;100231;307.6;560;10278983200;S
20240506;100231;307.61;10;10278983329;B
20240506;100231;307.6;100;10278983339;S
20240506;100232;307.6;35940;10278983437;S
20240506;100232;307.6;20;10278983438;S
20240506;100232;307.6;100;10278983439;S
20240506;100232;307.6;70;10278983440;S
20240506;100232;307.6;10;10278983441;S
20240506;100232;307.6;250;10278983442;S
20240506;100232;307.6;30;10278983443;S
20240506;100232;307.6;1000;10278983444;S
20240506;100232;307.6;10;10278983445;S
20240506;100232;307.6;100;10278983446;S
20240506;100232;307.6;30;10278983447;S
20240506;100232;307.6;50;10278983448;S
20240506;100232;307.57;180;10278983554;B
20240506;100233;307.57;10;10278983596;B
20240506;100233;307.56;40;10278983637;S
20240506;100233;307.56;10;10278983638;S
20240506;100233;307.55;100;10278983639;S
20240506;100233;307.55;50;10278983640;S
20240506;100233;307.55;10;10278983641;S
20240506;100233;307.55;10;10278983642;S
20240506;100233;307.55;10;10278983643;S
20240506;100233;307.55;40;10278983644;S
20240506;100233;307.55;10;10278983682;B
20240506;100234;307.54;30;10278983776;S
20240506;100234;307.54;20;10278983777;S
20240506;100234;307.54;10;10278983778;S
20240506;100234;307.53;50;10278983834;S
20240506;100234;307.53;50;10278983884;S
20240506;100234;307.53;10;10278983885;S
20240506;100234;307.53;10;10278983886;S
20240506;100234;307.53;10;10278983887;S
20240506;100234;307.53;30;10278983888;S
20240506;100234;307.53;10;10278983889;S
20240506;100234;307.53;10;10278983890;S
20240506;100234;307.53;70;10278983891;S
20240506;100234;307.53;30;10278983892;S
20240506;100234;307.53;10;10278983893;S
20240506;100234;307.53;10;10278983894;S
20240506;100234;307.53;10;10278983895;S
20240506;100234;307.53;40;10278983896;S
20240506;100234;307.53;30;10278983897;S
20240506;100234;307.53;10;10278983898;S
20240506;100234;307.53;10;10278983899;S
20240506;100234;307.53;10;10278983900;S
20240506;100234;307.53;20;10278983901;S
20240506;100234;307.53;100;10278983902;S
20240506;100234;307.53;10;10278983903;S
20240506;100234;307.53;100;10278983904;S
20240506;100234;307.53;10;10278983905;S
20240506;100234;307.53;10;10278983906;S
20240506;100234;307.53;20;10278983907;S
20240506;100234;307.53;10;10278983908;S
20240506;100234;307.53;10;10278983909;S
20240506;100234;307.53;100;10278983910;S
20240506;100234;307.53;90;10278983911;S
20240506;100234;307.53;100;10278983912;S
20240506;100234;307.53;60;10278983913;S
20240506;100234;307.54;10;10278983919;B
20240506;100234;307.54;240;10278983920;B
20240506;100234;307.54;10;10278983959;B
20240506;100235;307.53;10;10278984087;S
20240506;100235;307.53;10;10278984088;S
20240506;100235;307.53;20;10278984089;S
20240506;100235;307.53;10;10278984090;S
20240506;100235;307.53;30;10278984091;S
20240506;100235;307.53;10;10278984092;S
20240506;100235;307.53;10;10278984093;S
20240506;100235;307.53;200;10278984094;S
20240506;100235;307.54;10;10278984157;B
20240506;100235;307.53;10;10278984163;S
20240506;100235;307.53;10;10278984265;S
20240506;100235;307.53;150;10278984266;S
20240506;100235;307.53;100;10278984267;S
20240506;100235;307.53;10;10278984268;S
20240506;100235;307.53;10;10278984269;S
20240506;100235;307.53;10;10278984270;S
20240506;100235;307.53;10;10278984271;S
20240506;100235;307.53;30;10278984272;S
20240506;100235;307.53;30;10278984273;S
20240506;100235;307.53;10;10278984274;S
20240506;100235;307.53;30;10278984275;S
20240506;100237;307.53;130;10278985064;S
20240506;100237;307.53;10;10278985065;S
20240506;100237;307.53;10;10278985066;S
20240506;100237;307.53;10;10278985067;S
20240506;100237;307.53;10;10278985068;S
20240506;100237;307.53;10;10278985069;S
20240506;100237;307.53;10;10278985070;S
20240506;100237;307.53;10;10278985071;S
20240506;100237;307.53;10;10278985072;S
20240506;100237;307.53;10;10278985073;S
20240506;100237;307.53;10;10278985074;S
20240506;100237;307.53;60;10278985075;S
20240506;100237;307.53;10;10278985076;S
20240506;100237;307.53;10;10278985077;S
20240506;100237;307.53;10;10278985078;S
20240506;100237;307.53;20;10278985079;S
20240506;100237;307.53;10;10278985080;S
20240506;100237;307.53;10;10278985081;S
20240506;100237;307.53;20;10278985082;S
20240506;100237;307.53;620;10278985083;S
20240506;100237;307.53;680;10278985084;S
20240506;100237;307.53;20;10278985085;S
20240506;100237;307.53;10;10278985110;S
20240506;100237;307.53;10;10278985111;S
20240506;100237;307.53;80;10278985112;S
20240506;100238;307.53;50;10278985244;S
20240506;100238;307.53;30;10278985245;S
20240506;100238;307.53;100;10278985246;S
20240506;100238;307.53;720;10278985247;S
20240506;100238;307.53;300;10278985248;S
20240506;100238;307.53;200;10278985312;S
20240506;100238;307.54;50;10278985350;B
20240506;100238;307.53;410;10278985397;S
20240506;100238;307.53;60;10278985398;S
20240506;100238;307.53;10;10278985399;S
20240506;100238;307.53;70;10278985400;S
20240506;100238;307.54;10;10278985449;B
20240506;100238;307.53;660;10278985461;S
20240506;100238;307.53;10;10278985462;S
20240506;100238;307.53;10;10278985463;S
20240506;100238;307.53;10;10278985464;S
20240506;100238;307.53;10;10278985465;S
20240506;100238;307.53;10;10278985466;S
20240506;100238;307.53;10;10278985467;S
20240506;100238;307.53;10;10278985468;S
20240506;100238;307.53;10;10278985469;S
20240506;100238;307.53;100;10278985470;S
20240506;100238;307.53;30;10278985471;S
20240506;100238;307.53;10;10278985472;S
20240506;100238;307.53;10;10278985473;S
20240506;100238;307.53;400;10278985474;S
20240506;100239;307.53;410;10278985679;S
20240506;100239;307.53;10;10278985680;S
20240506;100239;307.53;580;10278985681;S
20240506;100239;307.53;800;10278985682;S
20240506;100239;307.53;400;10278985683;S
20240506;100239;307.54;10;10278985805;B
20240506;100239;307.53;6220;10278985810;S
20240506;100239;307.53;10;10278985811;S
20240506;100239;307.53;30;10278985812;S
20240506;100239;307.53;1740;10278985813;S
20240506;100240;307.53;5000;10278985816;S
20240506;100240;307.53;1000;10278985942;S
20240506;100242;307.54;10;10278986253;B
20240506;100242;307.53;260;10278986310;S
20240506;100242;307.53;10;10278986311;S
20240506;100242;307.53;10;10278986312;S
20240506;100242;307.53;10;10278986313;S
20240506;100242;307.53;9700;10278986314;S
20240506;100242;307.53;10;10278986315;S
20240506;100242;307.53;8000;10278986316;S
20240506;100242;307.53;10;10278986317;S
20240506;100242;307.53;120;10278986318;S
20240506;100242;307.53;10;10278986319;S
20240506;100242;307.53;10;10278986320;S
20240506;100242;307.53;2000;10278986321;S
20240506;100242;307.52;250;10278986322;S
20240506;100243;307.51;10;10278986666;S
20240506;100243;307.51;290;10278986667;S
20240506;100243;307.52;50;10278986668;B
20240506;100244;307.51;200;10278987025;S
20240506;100244;307.52;410;10278987034;B
20240506;100244;307.52;620;10278987035;B
20240506;100244;307.52;970;10278987036;B
20240506;100245;307.51;110;10278987167;S
20240506;100246;307.51;400;10278987272;S
20240506;100246;307.51;600;10278987273;S
20240506;100246;307.52;100;10278987370;B
20240506;100246;307.52;980;10278987371;B
20240506;100246;307.53;20;10278987372;B
20240506;100246;307.51;400;10278987399;S
20240506;100246;307.51;100;10278987400;S
20240506;100247;307.53;10;10278987482;B
20240506;100247;307.52;50;10278987522;S
20240506;100247;307.52;50;10278987523;S
20240506;100247;307.52;350;10278987613;S
20240506;100247;307.52;500;10278987614;S
20240506;100247;307.51;780;10278987615;S
20240506;100249;307.53;100;10278988069;B
20240506;100250;307.51;10;10278988100;S
20240506;100251;307.51;100;10278988233;S
20240506;100251;307.51;10;10278988299;S
20240506;100251;307.51;50;10278988300;S
20240506;100251;307.51;480;10278988301;S
20240506;100252;307.52;10;10278988495;B
20240506;100252;307.52;30;10278988511;B
20240506;100252;307.51;520;10278988575;S
20240506;100252;307.51;480;10278988576;S
20240506;100255;307.53;10;10278989039;B
20240506;100255;307.53;10;10278989177;B
20240506;100256;307.53;10;10278989278;B
20240506;100256;307.52;1390;10278989285;S
20240506;100256;307.52;400;10278989286;S
20240506;100256;307.52;10;10278989287;S
20240506;100256;307.52;1000;10278989288;S
20240506;100256;307.51;520;10278989289;S
20240506;100256;307.51;1000;10278989290;S
20240506;100256;307.51;10;10278989291;S
20240506;100256;307.51;1000;10278989292;S
20240506;100256;307.51;50;10278989293;S
20240506;100256;307.51;1000;10278989294;S
20240506;100256;307.51;10;10278989295;S
20240506;100256;307.51;1000;10278989296;S
20240506;100256;307.51;10;10278989380;B
20240506;100257;307.5;150;10278989477;S
20240506;100257;307.5;230;10278989478;S
20240506;100257;307.5;10;10278989479;S
20240506;100257;307.5;20;10278989480;S
20240506;100257;307.5;20;10278989481;S
20240506;100257;307.5;40;10278989482;S
20240506;100257;307.5;10;10278989483;S
20240506;100257;307.5;10;10278989484;S
20240506;100257;307.5;990;10278989485;S
20240506;100257;307.5;100;10278989486;S
20240506;100257;307.5;10;10278989487;S
20240506;100257;307.5;20;10278989488;S
20240506;100257;307.5;10;10278989489;S
20240506;100257;307.5;30;10278989490;S
20240506;100257;307.5;100;10278989491;S
20240506;100257;307.5;100;10278989492;S
20240506;100257;307.5;380;10278989493;S
20240506;100257;307.51;10;10278989548;B
20240506;100257;307.5;1000;10278989617;S
20240506;100258;307.5;40;10278989637;S
20240506;100259;307.5;10;10278989836;S
20240506;100259;307.51;10;10278989905;B
20240506;100259;307.5;30;10278989935;S
20240506;100259;307.51;100;10278989982;B
20240506;100300;307.5;5000;10278990245;S
20240506;100300;307.5;5000;10278990323;S
20240506;100300;307.51;410;10278990381;B
20240506;100301;307.5;8000;10278990641;S
20240506;100303;307.5;10560;10278990985;S
20240506;100303;307.5;10;10278990988;S
20240506;100303;307.5;5000;10278991038;S
20240506;100304;307.51;10;10278991126;B
20240506;100304;307.51;10;10278991261;B
20240506;100305;307.51;130;10278991467;B
20240506;100307;307.5;100;10278991868;S
20240506;100307;307.51;30;10278991990;B
20240506;100308;307.5;300;10278992075;S
20240506;100308;307.51;60;10278992079;B
20240506;100308;307.51;1830;10278992209;B
20240506;100308;307.51;670;10278992210;B
20240506;100308;307.51;100;10278992211;B
20240506;100308;307.51;700;10278992212;B
20240506;100308;307.51;50;10278992215;S
20240506;100308;307.51;2700;10278992271;S
20240506;100308;307.52;10;10278992276;B
20240506;100309;307.51;20;10278992379;S
20240506;100309;307.51;800;10278992439;S
20240506;100310;307.52;10;10278992482;B
20240506;100310;307.52;10;10278992558;B
20240506;100311;307.52;20;10278992814;B
20240506;100312;307.51;1000;10278992998;S
20240506;100312;307.51;300;10278993029;S
20240506;100315;307.52;10;10278993544;B
20240506;100315;307.52;20;10278993553;B
20240506;100315;307.52;100;10278993554;B
20240506;100315;307.53;60;10278993555;B
20240506;100316;307.53;90;10278993588;B
20240506;100317;307.53;10;10278993960;B
20240506;100318;307.52;300;10278994090;S
20240506;100318;307.52;100;10278994132;S
20240506;100318;307.52;300;10278994133;S
20240506;100318;307.53;40;10278994166;B
20240506;100318;307.53;40;10278994167;B
20240506;100319;307.52;10;10278994276;S
20240506;100320;307.52;100;10278994502;S
20240506;100321;307.53;10;10278994613;B
20240506;100322;307.52;30;10278994924;S
20240506;100325;307.52;560;10278995650;S
20240506;100325;307.52;140;10278995651;S
20240506;100326;307.52;10;10278995729;S
20240506;100327;307.52;50;10278995985;S
20240506;100327;307.52;10;10278995990;S
20240506;100328;307.53;50;10278996094;B
20240506;100328;307.53;10;10278996235;B
20240506;100330;307.53;60;10278996492;B
20240506;100330;307.53;130;10278996568;B
20240506;100330;307.53;10;10278996584;B
20240506;100330;307.53;100;10278996587;B
20240506;100331;307.52;630;10278996648;S
20240506;100332;307.53;40;10278996858;B
20240506;100333;307.53;60;10278997051;B
20240506;100334;307.53;290;10278997109;B
20240506;100334;307.53;260;10278997110;B
20240506;100334;307.53;10;10278997121;B
20240506;100334;307.52;10;10278997189;S
20240506;100334;307.52;140;10278997198;S
20240506;100334;307.52;10;10278997246;S
20240506;100334;307.52;100;10278997247;S
20240506;100338;307.52;900;10278997838;S
20240506;100338;307.52;720;10278997839;S
20240506;100338;307.53;10;10278997865;B
20240506;100338;307.52;160;10278997911;S
20240506;100338;307.52;350;10278997942;S
20240506;100338;307.52;10;10278997943;S
20240506;100338;307.52;10;10278997944;S
20240506;100338;307.52;10;10278997945;S
20240506;100338;307.52;10;10278997946;S
20240506;100338;307.52;300;10278997947;S
20240506;100338;307.52;980;10278997948;S
20240506;100338;307.52;800;10278997949;S
20240506;100338;307.52;330;10278997950;S
20240506;100338;307.52;1000;10278997951;S
20240506;100338;307.52;50;10278997952;S
20240506;100338;307.52;20;10278997953;S
20240506;100338;307.52;880;10278997954;S
20240506;100338;307.52;400;10278997955;S
20240506;100338;307.52;2000;10278997956;S
20240506;100338;307.52;490;10278997957;S
20240506;100339;307.53;10;10278998121;B
20240506;100339;307.53;10;10278998149;B
20240506;100341;307.53;90;10278998351;B
20240506;100342;307.53;1000;10278998550;B
20240506;100343;307.53;10;10278998651;B
20240506;100343;307.52;10;10278998715;S
20240506;100343;307.52;90;10278998716;S
20240506;100344;307.53;3600;10278998797;B
20240506;100344;307.53;700;10278998798;B
20240506;100344;307.53;220;10278998799;B
20240506;100344;307.54;730;10278998800;B
20240506;100344;307.56;220;10278998801;B
20240506;100344;307.59;10;10278998877;B
20240506;100344;307.59;920;10278998892;B
20240506;100344;307.6;200;10278998893;B
20240506;100344;307.6;3000;10278998894;B
20240506;100344;307.61;20;10278998895;B
20240506;100344;307.61;460;10278998896;B
20240506;100344;307.62;460;10278998897;B
20240506;100344;307.63;240;10278998898;B
20240506;100344;307.63;460;10278998899;B
20240506;100344;307.64;1630;10278998900;B
20240506;100344;307.64;460;10278998901;B
20240506;100344;307.65;220;10278998902;B
20240506;100344;307.65;1930;10278998903;B
20240506;100345;307.64;10;10278999126;B
20240506;100347;307.64;30;10278999369;B
20240506;100348;307.64;10;10278999505;B
20240506;100348;307.63;330;10278999541;S
20240506;100349;307.64;70;10278999655;B
20240506;100349;307.64;2500;10278999714;B
20240506;100349;307.64;300;10278999715;B
20240506;100349;307.65;1350;10278999716;B
20240506;100349;307.65;460;10278999717;B
20240506;100349;307.66;460;10278999718;B
20240506;100349;307.67;460;10278999719;B
20240506;100349;307.67;400;10278999720;B
20240506;100349;307.68;10;10278999721;B
20240506;100349;307.68;460;10278999722;B
20240506;100349;307.69;460;10278999723;B
20240506;100349;307.69;910;10278999724;S
20240506;100349;307.69;10;10278999726;S
20240506;100350;307.69;100;10278999883;S
20240506;100351;307.7;2500;10278999958;B
20240506;100351;307.7;2000;10278999959;B
20240506;100351;307.73;50;10278999960;B
20240506;100351;307.73;50;10279000059;B
20240506;100351;307.73;180;10279000081;B
20240506;100353;307.73;20;10279000359;B
20240506;100354;307.73;50;10279000441;B
20240506;100354;307.73;20;10279000487;B
20240506;100355;307.72;160;10279000669;S
20240506;100356;307.74;970;10279000876;B
20240506;100356;307.75;50;10279000877;B
20240506;100356;307.76;20;10279000878;B
20240506;100356;307.76;870;10279000879;B
20240506;100356;307.76;460;10279000880;B
20240506;100356;307.77;460;10279000881;B
20240506;100356;307.77;50;10279000882;B
20240506;100356;307.77;50;10279000883;B
20240506;100357;307.79;20;10279000986;B
20240506;100357;307.79;30;10279001000;B
20240506;100357;307.79;50;10279001001;B
20240506;100357;307.79;170;10279001002;B
20240506;100358;307.78;400;10279001128;S
20240506;100358;307.78;600;10279001129;S
20240506;100358;307.78;280;10279001130;S
20240506;100358;307.78;330;10279001131;S
20240506;100358;307.78;390;10279001132;S
20240506;100358;307.78;120;10279001133;S
20240506;100358;307.78;280;10279001134;S
20240506;100358;307.78;700;10279001135;S
20240506;100358;307.77;300;10279001136;S
20240506;100358;307.78;10;10279001163;B
20240506;100358;307.77;700;10279001165;S
20240506;100358;307.77;930;10279001166;S
20240506;100358;307.77;1000;10279001167;S
20240506;100358;307.77;1000;10279001168;S
20240506;100358;307.77;100;10279001169;S
20240506;100358;307.78;250;10279001172;B
20240506;100358;307.77;330;10279001227;S
20240506;100359;307.78;20;10279001308;B
20240506;100400;307.77;10;10279001486;S
20240506;100400;307.78;20;10279001539;B
20240506;100400;307.77;1000;10279001581;S
20240506;100400;307.77;1000;10279001582;S
20240506;100400;307.77;400;10279001583;S
20240506;100401;307.77;10;10279001745;S
20240506;100402;307.78;110;10279001898;B
20240506;100403;307.77;6650;10279002057;S
20240506;100403;307.77;330;10279002058;S
20240506;100403;307.77;980;10279002059;S
20240506;100403;307.77;510;10279002060;S
20240506;100403;307.71;30;10279002097;S
20240506;100404;307.69;1000;10279002145;S
20240506;100404;307.69;1180;10279002303;S
20240506;100405;307.7;10;10279002466;B
20240506;100405;307.69;30;10279002615;S
20240506;100407;307.69;440;10279002956;S
20240506;100407;307.7;10;10279002999;B
20240506;100407;307.7;680;10279003075;B
20240506;100407;307.71;100;10279003076;B
20240506;100407;307.73;510;10279003077;B
20240506;100407;307.73;980;10279003078;B
20240506;100407;307.73;330;10279003079;B
20240506;100407;307.73;460;10279003080;B
20240506;100407;307.74;460;10279003081;B
20240506;100407;307.74;880;10279003082;B
20240506;100407;307.75;460;10279003083;B
20240506;100407;307.75;400;10279003084;B
20240506;100407;307.76;460;10279003085;B
20240506;100407;307.76;570;10279003086;B
20240506;100407;307.77;1530;10279003087;B
20240506;100407;307.77;460;10279003088;B
20240506;100407;307.77;620;10279003089;B
20240506;100407;307.78;50;10279003090;B
20240506;100407;307.78;460;10279003091;B
20240506;100407;307.78;870;10279003092;B
20240506;100407;307.79;460;10279003093;B
20240506;100407;307.79;1000;10279003094;B
20240506;100407;307.79;1000;10279003095;B
20240506;100407;307.79;1000;10279003096;B
20240506;100407;307.8;30;10279003097;B
20240506;100407;307.8;50;10279003098;B
20240506;100407;307.8;10;10279003099;B
20240506;100407;307.8;500;10279003100;B
20240506;100407;307.8;460;10279003101;B
20240506;100407;307.8;4540;10279003102;B
20240506;100408;307.73;920;10279003218;B
20240506;100408;307.72;100;10279003396;B
20240506;100412;307.7;30;10279004071;S
20240506;100412;307.71;70;10279004169;S
20240506;100412;307.71;400;10279004170;S
20240506;100412;307.7;180;10279004171;S
20240506;100413;307.72;10;10279004285;B
20240506;100414;307.71;400;10279004501;S
20240506;100414;307.71;870;10279004502;S
20240506;100414;307.7;10;10279004656;S
20240506;100415;307.71;190;10279004762;S
20240506;100415;307.7;100;10279004788;S
20240506;100416;307.72;100;10279005138;B
20240506;100416;307.72;140;10279005139;B
20240506;100416;307.72;970;10279005140;B
20240506;100417;307.72;100;10279005154;S
20240506;100418;307.72;190;10279005424;S
20240506;100418;307.72;10;10279005425;S
20240506;100418;307.7;100;10279005426;S
20240506;100418;307.7;400;10279005427;S
20240506;100418;307.7;870;10279005428;S
20240506;100419;307.7;10;10279005674;B
20240506;100420;307.7;10;10279005860;B
20240506;100421;307.69;320;10279005977;S
20240506;100423;307.69;440;10279006322;S
20240506;100425;307.69;1460;10279006953;S
20240506;100427;307.69;50;10279007356;S
20240506;100428;307.7;120;10279007564;B
20240506;100428;307.7;10;10279007581;B
20240506;100431;307.7;10;10279008149;B
20240506;100431;307.69;630;10279008150;S
20240506;100431;307.7;3270;10279008243;B
20240506;100431;307.7;400;10279008244;B
20240506;100431;307.7;200;10279008245;B
20240506;100431;307.71;100;10279008247;B
20240506;100431;307.72;100;10279008248;B
20240506;100431;307.72;10;10279008249;B
20240506;100431;307.72;10;10279008250;B
20240506;100432;307.71;400;10279008272;S
20240506;100432;307.71;460;10279008273;S
20240506;100432;307.7;1640;10279008274;S
20240506;100432;307.72;10;10279008342;B
20240506;100433;307.73;100;10279008429;B
20240506;100433;307.73;10;10279008489;B
20240506;100433;307.71;400;10279008544;S
20240506;100433;307.71;280;10279008545;S
20240506;100434;307.73;10;10279008623;B
20240506;100435;307.71;180;10279008788;S
20240506;100435;307.71;150;10279008789;S
20240506;100435;307.71;250;10279008824;S
20240506;100435;307.71;460;10279008825;S
20240506;100436;307.71;400;10279009034;S
20240506;100436;307.71;350;10279009035;S
20240506;100438;307.71;110;10279009562;S
20240506;100438;307.71;400;10279009563;S
20240506;100438;307.7;29490;10279009564;S
20240506;100440;307.73;20;10279009765;B
20240506;100440;307.73;360;10279009847;B
20240506;100440;307.73;980;10279009848;B
20240506;100440;307.73;400;10279009849;B
20240506;100440;307.73;760;10279009850;B
20240506;100441;307.72;10;10279010039;S
20240506;100441;307.72;20;10279010062;S
20240506;100442;307.72;20;10279010083;S
20240506;100442;307.75;100;10279010164;B
20240506;100442;307.75;400;10279010165;B
20240506;100442;307.76;330;10279010166;B
20240506;100442;307.76;510;10279010167;B
20240506;100442;307.76;980;10279010168;B
20240506;100442;307.77;10;10279010169;B
20240506;100442;307.77;460;10279010170;B
20240506;100442;307.78;210;10279010171;B
20240506;100443;307.72;10;10279010390;S
20240506;100444;307.78;20;10279010426;B
20240506;100445;307.73;30;10279010708;S
20240506;100446;307.73;980;10279010890;S
20240506;100447;307.73;230;10279011012;B
20240506;100447;307.72;250;10279011059;S
20240506;100448;307.73;10;10279011279;B
20240506;100448;307.73;10;10279011425;B
20240506;100448;307.73;20;10279011437;B
20240506;100448;307.77;70;10279011438;B
20240506;100448;307.79;280;10279011439;B
20240506;100448;307.79;400;10279011440;B
20240506;100448;307.8;1730;10279011441;B
20240506;100449;307.73;680;10279011677;S
20240506;100450;307.73;500;10279011893;S
20240506;100451;307.77;10;10279012206;B
20240506;100451;307.77;10;10279012215;B
20240506;100453;307.77;380;10279012495;B
20240506;100453;307.77;1620;10279012496;B
20240506;100453;307.74;400;10279012567;S
20240506;100453;307.73;600;10279012568;S
20240506;100453;307.75;30;10279012570;B
20240506;100453;307.75;10;10279012596;B
20240506;100454;307.73;400;10279012670;S
20240506;100454;307.72;690;10279012687;S
20240506;100454;307.72;10;10279012688;S
20240506;100454;307.72;400;10279012689;S
20240506;100454;307.71;20;10279012690;S
20240506;100454;307.71;10;10279012691;S
20240506;100454;307.71;200;10279012692;S
20240506;100454;307.71;20;10279012720;S
20240506;100456;307.73;20;10279013067;B
20240506;100456;307.71;10;10279013079;S
20240506;100457;307.71;10;10279013157;S
20240506;100457;307.71;850;10279013220;S
20240506;100457;307.71;610;10279013234;B
20240506;100457;307.72;700;10279013235;B
20240506;100457;307.73;20;10279013236;B
20240506;100457;307.73;1000;10279013237;B
20240506;100457;307.75;170;10279013238;B
20240506;100458;307.75;20;10279013574;B
20240506;100459;307.73;10;10279013600;S
20240506;100500;307.74;400;10279013850;S
20240506;100500;307.73;600;10279013895;S
20240506;100500;307.73;600;10279013898;S
20240506;100500;307.73;400;10279013909;S
20240506;100502;307.74;10;10279014260;B
20240506;100502;307.74;20;10279014320;B
20240506;100502;307.73;390;10279014342;S
20240506;100502;307.73;50;10279014343;S
20240506;100502;307.72;460;10279014344;S
20240506;100502;307.72;400;10279014345;S
20240506;100502;307.71;460;10279014346;S
20240506;100502;307.71;240;10279014347;S
20240506;100502;307.73;10;10279014438;B
20240506;100503;307.73;190;10279014446;B
20240506;100504;307.72;20;10279014789;S
20240506;100504;307.71;500;10279014960;S
20240506;100505;307.71;870;10279015086;S
20240506;100505;307.71;400;10279015087;S
20240506;100505;307.7;730;10279015088;S
20240506;100506;307.7;200;10279015441;S
20240506;100507;307.7;1460;10279015500;S
20240506;100507;307.72;10;10279015589;B
20240506;100507;307.7;1000;10279015647;S
20240506;100507;307.7;1000;10279015648;S
20240506;100507;307.7;300;10279015650;S
20240506;100507;307.7;200;10279015651;S
20240506;100507;307.7;330;10279015655;S
20240506;100508;307.7;500;10279015733;S
20240506;100508;307.7;1000;10279015734;S
20240506;100508;307.7;1000;10279015735;S
20240506;100508;307.7;100;10279015853;S
20240506;100508;307.7;100;10279015906;S
20240506;100509;307.71;20;10279015998;B
20240506;100509;307.7;100;10279016084;S
20240506;100509;307.7;70;10279016148;S
20240506;100509;307.7;100;10279016151;S
20240506;100509;307.7;30;10279016173;S
20240506;100509;307.71;70;10279016201;B
20240506;100509;307.71;980;10279016202;B
20240506;100509;307.71;330;10279016203;B
20240506;100509;307.71;510;10279016204;B
20240506;100509;307.72;610;10279016205;B
20240506;100510;307.7;100;10279016252;S
20240506;100510;307.71;40;10279016348;B
20240506;100510;307.71;100;10279016449;B
20240506;100511;307.71;500;10279016529;B
20240506;100511;307.7;110;10279016620;S
20240506;100511;307.72;10;10279016629;B
20240506;100513;307.7;100;10279017036;S
20240506;100513;307.7;100;10279017047;S
20240506;100513;307.7;100;10279017072;S
20240506;100513;307.7;100;10279017084;S
20240506;100513;307.7;20;10279017094;S
20240506;100513;307.7;1600;10279017105;S
20240506;100513;307.7;50;10279017106;S
20240506;100515;307.7;500;10279017400;S
20240506;100515;307.7;1050;10279017471;S
20240506;100515;307.72;10;10279017536;B
20240506;100515;307.72;340;10279017564;B
20240506;100515;307.72;10;10279017565;B
20240506;100517;307.7;1460;10279017886;S
20240506;100517;307.7;330;10279017896;S
20240506;100517;307.72;40;10279017939;B
20240506;100519;307.72;150;10279018334;B
20240506;100519;307.72;200;10279018335;B
20240506;100519;307.72;600;10279018336;B
20240506;100519;307.73;300;10279018337;B
20240506;100519;307.74;450;10279018338;B
20240506;100519;307.7;1160;10279018424;S
20240506;100519;307.7;300;10279018425;S
20240506;100519;307.7;40;10279018426;S
20240506;100519;307.7;20;10279018427;S
20240506;100519;307.7;1160;10279018428;S
20240506;100519;307.7;10;10279018446;S
20240506;100521;307.7;60;10279018750;S
20240506;100522;307.71;70;10279019042;B
20240506;100523;307.7;30;10279019181;S
20240506;100523;307.71;40;10279019187;B
20240506;100523;307.7;500;10279019257;S
20240506;100524;307.7;100;10279019280;S
20240506;100525;307.71;20;10279019406;B
20240506;100525;307.71;10;10279019559;B
20240506;100527;307.7;1460;10279019833;S
20240506;100530;307.7;100;10279020411;S
20240506;100531;307.7;630;10279020508;S
20240506;100531;307.71;20;10279020558;B
20240506;100532;307.7;330;10279020796;S
20240506;100534;307.71;70;10279021164;B
20240506;100535;307.71;100;10279021454;B
20240506;100535;307.7;2860;10279021455;S
20240506;100536;307.71;10;10279021537;B
20240506;100536;307.7;200;10279021670;S
20240506;100537;307.7;1460;10279021745;S
20240506;100538;307.7;1100;10279021887;S
20240506;100538;307.7;100;10279021888;S
20240506;100538;307.7;10;10279021889;S
20240506;100538;307.7;10;10279021890;S
20240506;100538;307.7;10;10279021891;S
20240506;100538;307.7;50;10279021892;S
20240506;100538;307.69;8720;10279021893;S
20240506;100538;307.69;20;10279021933;S
20240506;100540;307.7;200;10279022191;B
20240506;100540;307.69;20;10279022239;S
20240506;100540;307.7;200;10279022265;B
20240506;100540;307.7;680;10279022266;B
20240506;100540;307.69;110;10279022299;S
20240506;100540;307.7;320;10279022366;B
20240506;100540;307.7;880;10279022367;B
20240506;100540;307.7;980;10279022368;B
20240506;100540;307.7;400;10279022369;B
20240506;100540;307.7;100;10279022370;B
20240506;100540;307.7;400;10279022371;B
20240506;100540;307.71;1000;10279022372;B
20240506;100540;307.72;1030;10279022373;B
20240506;100540;307.69;500;10279022523;S
20240506;100540;307.7;20;10279022565;B
20240506;100541;307.69;70;10279022735;S
20240506;100541;307.7;380;10279022753;B
20240506;100541;307.71;1000;10279022754;B
20240506;100541;307.71;140;10279022755;B
20240506;100541;307.72;980;10279022756;B
20240506;100542;307.69;340;10279022835;S
20240506;100542;307.69;10;10279022836;S
20240506;100542;307.69;10;10279022837;S
20240506;100542;307.69;10;10279022838;S
20240506;100542;307.69;30;10279022839;S
20240506;100542;307.69;100;10279022840;S
20240506;100542;307.69;10;10279022984;S
20240506;100543;307.69;450;10279022991;S
20240506;100543;307.7;20;10279023372;B
20240506;100544;307.69;60;10279023564;S
20240506;100544;307.7;30;10279023588;B
20240506;100544;307.69;80;10279023650;S
20240506;100545;307.7;250;10279023654;B
20240506;100545;307.7;30;10279023695;B
20240506;100545;307.7;30;10279023809;B
20240506;100546;307.7;20;10279023884;B
20240506;100547;307.69;910;10279024106;S
20240506;100548;307.65;60;10279024239;S
20240506;100548;307.65;20;10279024240;S
20240506;100548;307.64;460;10279024241;S
20240506;100548;307.63;10;10279024242;S
20240506;100548;307.63;170;10279024245;S
20240506;100549;307.65;40;10279024661;B
20240506;100552;307.62;10;10279025343;S
20240506;100553;307.65;10;10279025453;B
20240506;100553;307.62;50;10279025454;S
20240506;100553;307.65;10;10279025492;B
20240506;100557;307.62;250;10279026176;S
20240506;100557;307.65;10;10279026228;B
20240506;100557;307.62;10;10279026306;S
20240506;100558;307.62;150;10279026445;S
20240506;100558;307.62;1000;10279026446;S
20240506;100559;307.61;40;10279026629;S
20240506;100559;307.61;310;10279026634;S
20240506;100600;307.62;500;10279026825;B
20240506;100600;307.64;500;10279026826;B
20240506;100600;307.65;980;10279026827;B
20240506;100600;307.65;500;10279026828;B
20240506;100600;307.66;20;10279026829;B
20240506;100602;307.61;10;10279027264;S
20240506;100603;307.61;150;10279027417;S
20240506;100603;307.61;10;10279027436;S
20240506;100605;307.61;10;10279027709;S
20240506;100605;307.62;10;10279027714;B
20240506;100606;307.62;10;10279027782;B
20240506;100606;307.62;50;10279027855;B
20240506;100607;307.62;10;10279027944;B
20240506;100607;307.61;280;10279027990;S
20240506;100607;307.61;1000;10279027991;S
20240506;100607;307.6;320;10279027992;S
20240506;100607;307.6;500;10279027993;S
20240506;100607;307.6;460;10279027994;S
20240506;100607;307.6;940;10279027995;S
20240506;100609;307.61;1000;10279028406;S
20240506;100609;307.61;460;10279028407;S
20240506;100610;307.61;540;10279028519;S
20240506;100610;307.61;60;10279028520;S
20240506;100611;307.61;940;10279028801;S
20240506;100611;307.61;1000;10279028802;S
20240506;100611;307.6;60;10279028803;S
20240506;100611;307.6;10;10279028804;S
20240506;100612;307.61;50;10279028968;S
20240506;100613;307.61;950;10279029003;S
20240506;100613;307.61;50;10279029004;S
20240506;100613;307.62;10;10279029017;B
20240506;100613;307.61;1000;10279029130;S
20240506;100613;307.6;6520;10279029131;S
20240506;100614;307.6;650;10279029212;S
20240506;100614;307.6;21850;10279029330;S
20240506;100615;307.61;10;10279029365;B
20240506;100616;307.6;1120;10279029643;S
20240506;100616;307.61;10;10279029748;B
20240506;100617;307.61;380;10279029810;B
20240506;100617;307.61;500;10279029811;B
20240506;100617;307.61;620;10279029812;B
20240506;100617;307.61;1000;10279029813;B
20240506;100617;307.61;980;10279029814;B
20240506;100617;307.61;880;10279029815;B
20240506;100617;307.61;510;10279029816;B
20240506;100617;307.61;10000;10279029921;S
20240506;100618;307.62;10;10279030085;B
20240506;100618;307.61;1000;10279030159;S
20240506;100618;307.61;900;10279030160;S
20240506;100619;307.62;30;10279030176;B
20240506;100619;307.61;1460;10279030235;S
20240506;100619;307.61;100;10279030263;S
20240506;100620;307.61;2340;10279030369;S
20240506;100620;307.62;10;10279030468;B
20240506;100620;307.61;1070;10279030487;S
20240506;100620;307.61;100;10279030514;S
20240506;100621;307.61;500;10279030641;S
20240506;100621;307.62;30;10279030662;B
20240506;100623;307.62;10;10279031026;B
20240506;100623;307.62;10;10279031126;B
20240506;100624;307.61;10;10279031495;S
20240506;100625;307.62;410;10279031959;B
20240506;100625;307.62;90;10279031960;B
20240506;100628;307.62;110;10279032783;B
20240506;100628;307.62;50;10279032784;B
20240506;100629;307.61;1460;10279032937;S
20240506;100629;307.62;30;10279032954;B
20240506;100630;307.61;26190;10279033156;S
20240506;100630;307.61;2000;10279033157;S
20240506;100630;307.61;2000;10279033158;S
20240506;100630;307.6;19850;10279033159;S
20240506;100630;307.6;50;10279033160;S
20240506;100630;307.6;400;10279033161;S
20240506;100630;307.6;10;10279033162;S
20240506;100630;307.58;10;10279033164;S
20240506;100631;307.58;10;10279033492;S
20240506;100631;307.58;50;10279033500;S
20240506;100631;307.55;580;10279033501;S
20240506;100631;307.55;1000;10279033530;S
20240506;100631;307.55;48420;10279033541;S
20240506;100631;307.55;10000;10279033542;S
20240506;100631;307.55;460;10279033543;S
20240506;100631;307.54;100;10279033545;S
20240506;100631;307.53;100;10279033547;S
20240506;100631;307.53;500;10279033548;S
20240506;100631;307.53;10;10279033549;S
20240506;100631;307.53;10;10279033550;S
20240506;100631;307.52;1000;10279033551;S
20240506;100631;307.52;1000;10279033552;S
20240506;100631;307.52;1000;10279033554;S
20240506;100631;307.52;1000;10279033555;S
20240506;100631;307.52;400;10279033556;S
20240506;100631;307.52;100;10279033572;S
20240506;100631;307.53;10;10279033671;B
20240506;100632;307.53;10;10279033746;B
20240506;100632;307.52;100;10279033763;S
20240506;100632;307.52;100;10279033764;S
20240506;100632;307.52;100;10279033765;S
20240506;100632;307.52;100;10279033766;S
20240506;100632;307.52;100;10279033767;S
20240506;100632;307.52;40;10279033768;S
20240506;100632;307.53;10;10279033848;B
20240506;100633;307.52;330;10279033951;S
20240506;100633;307.52;4540;10279033954;S
20240506;100633;307.52;20;10279033955;S
20240506;100633;307.52;10;10279033956;S
20240506;100633;307.51;160;10279033957;S
20240506;100633;307.51;10;10279033958;S
20240506;100633;307.51;10;10279033959;S
20240506;100633;307.51;4500;10279033960;S
20240506;100633;307.51;10;10279033961;S
20240506;100633;307.51;2000;10279033962;S
20240506;100633;307.5;10;10279033995;S
20240506;100633;307.5;500;10279034044;S
20240506;100633;307.5;3500;10279034062;S
20240506;100634;307.51;20;10279034110;B
20240506;100634;307.5;60560;10279034238;S
20240506;100634;307.5;10000;10279034239;S
20240506;100634;307.5;20;10279034240;S
20240506;100634;307.5;10;10279034241;S
20240506;100634;307.5;50;10279034242;S
20240506;100634;307.5;10;10279034243;S
20240506;100634;307.5;50;10279034244;S
20240506;100634;307.5;150;10279034245;S
20240506;100634;307.5;10;10279034246;S
20240506;100634;307.5;50;10279034247;S
20240506;100634;307.5;160;10279034248;S
20240506;100634;307.5;190;10279034249;S
20240506;100634;307.5;20;10279034250;S
20240506;100634;307.5;30;10279034251;S
20240506;100634;307.5;970;10279034252;S
20240506;100634;307.5;60;10279034253;S
20240506;100634;307.5;40;10279034254;S
20240506;100634;307.5;10;10279034255;S
20240506;100634;307.5;100;10279034256;S
20240506;100634;307.5;10;10279034257;S
20240506;100634;307.49;10;10279034258;S
20240506;100634;307.49;10;10279034259;S
20240506;100634;307.48;10;10279034261;S
20240506;100634;307.48;10;10279034262;S
20240506;100634;307.48;10;10279034263;S
20240506;100634;307.47;30;10279034265;S
20240506;100634;307.47;10;10279034266;S
20240506;100634;307.47;30;10279034267;S
20240506;100634;307.47;20;10279034268;S
20240506;100634;307.47;20;10279034269;S
20240506;100634;307.47;10;10279034270;S
20240506;100634;307.47;10;10279034271;S
20240506;100634;307.47;10;10279034272;S
20240506;100634;307.47;20;10279034273;S
20240506;100634;307.47;10;10279034274;S
20240506;100634;307.47;20;10279034275;S
20240506;100634;307.47;60;10279034276;S
20240506;100634;307.47;250;10279034277;S
20240506;100634;307.47;20;10279034294;S
20240506;100634;307.47;60;10279034295;S
20240506;100634;307.47;60;10279034296;S
20240506;100634;307.47;10;10279034297;S
20240506;100634;307.47;10;10279034298;S
20240506;100634;307.47;10;10279034299;S
20240506;100634;307.47;10;10279034300;S
20240506;100634;307.47;10;10279034301;S
20240506;100634;307.47;10;10279034302;S
20240506;100634;307.47;10;10279034303;S
20240506;100634;307.47;10;10279034304;S
20240506;100634;307.47;10;10279034305;S
20240506;100634;307.47;10;10279034306;S
20240506;100634;307.47;10;10279034307;S
20240506;100634;307.47;10;10279034308;S
20240506;100634;307.47;70;10279034309;S
20240506;100634;307.47;10;10279034310;S
20240506;100634;307.47;10;10279034311;S
20240506;100634;307.47;10;10279034312;S
20240506;100634;307.47;10;10279034313;S
20240506;100634;307.47;130;10279034314;S
20240506;100634;307.48;10;10279034321;B
20240506;100634;307.47;50;10279034329;S
20240506;100634;307.47;20;10279034333;S
20240506;100635;307.47;10;10279034350;S
20240506;100635;307.47;10;10279034351;S
20240506;100635;307.46;200;10279034394;S
20240506;100635;307.46;500;10279034396;S
20240506;100635;307.46;550;10279034414;S
20240506;100635;307.46;300;10279034419;S
20240506;100635;307.47;10;10279034427;B
20240506;100635;307.46;8000;10279034507;S
20240506;100635;307.46;8000;10279034509;S
20240506;100635;307.46;1700;10279034522;S
20240506;100635;307.46;1000;10279034537;S
20240506;100636;307.46;1000;10279034574;S
20240506;100636;307.46;830;10279034575;S
20240506;100636;307.46;1000;10279034576;S
20240506;100636;307.46;500;10279034577;S
20240506;100636;307.46;500;10279034578;S
20240506;100636;307.46;1000;10279034579;S
20240506;100636;307.46;1000;10279034580;S
20240506;100636;307.46;1000;10279034581;S
20240506;100636;307.46;1000;10279034582;S
20240506;100636;307.46;1000;10279034583;S
20240506;100636;307.46;1000;10279034584;S
20240506;100636;307.46;1000;10279034585;S
20240506;100636;307.46;1000;10279034586;S
20240506;100636;307.46;2500;10279034597;S
20240506;100636;307.46;550;10279034639;S
20240506;100636;307.46;100;10279034814;S
20240506;100636;307.46;1500;10279034817;S
20240506;100637;307.47;10;10279034896;B
20240506;100637;307.46;30;10279035145;S
20240506;100638;307.46;290;10279035209;S
20240506;100638;307.46;10;10279035213;S
20240506;100638;307.47;20;10279035271;B
20240506;100638;307.47;230;10279035277;B
20240506;100639;307.46;1460;10279035349;S
20240506;100639;307.46;10;10279035359;S
20240506;100640;307.46;10;10279035561;S
20240506;100640;307.46;900;10279035588;S
20240506;100640;307.46;2000;10279035597;S
20240506;100640;307.47;140;10279035630;B
20240506;100640;307.47;500;10279035631;B
20240506;100640;307.47;1000;10279035632;B
20240506;100640;307.47;620;10279035633;B
20240506;100640;307.47;240;10279035634;B
20240506;100640;307.46;10;10279035715;S
20240506;100641;307.46;10;10279035781;S
20240506;100641;307.46;10;10279035892;S
20240506;100642;307.46;330;10279036046;S
20240506;100642;307.47;10;10279036088;B
20240506;100642;307.47;10;10279036152;B
20240506;100643;307.46;10;10279036250;S
20240506;100643;307.46;370;10279036251;S
20240506;100643;307.47;10;10279036305;B
20240506;100643;307.46;120;10279036339;S
20240506;100644;307.47;10;10279036419;B
20240506;100644;307.46;40;10279036420;S
20240506;100644;307.46;380;10279036440;S
20240506;100645;307.46;1000;10279036543;S
20240506;100645;307.47;10;10279036606;B
20240506;100645;307.46;330;10279036629;S
20240506;100645;307.46;10;10279036649;S
20240506;100646;307.47;10;10279036698;B
20240506;100646;307.46;10;10279036749;S
20240506;100646;307.46;10;10279036792;S
20240506;100646;307.46;100;10279036831;S
20240506;100646;307.46;360;10279036854;S
20240506;100646;307.47;30;10279036857;B
20240506;100646;307.46;100;10279036910;S
20240506;100647;307.46;100;10279036951;S
20240506;100647;307.46;50;10279036963;S
20240506;100647;307.46;40;10279036968;S
20240506;100647;307.46;100;10279036994;S
20240506;100647;307.46;50;10279036996;S
20240506;100647;307.46;100;10279037054;S
20240506;100647;307.46;100;10279037102;S
20240506;100647;307.46;100;10279037137;S
20240506;100648;307.46;100;10279037181;S
20240506;100648;307.47;10;10279037206;B
20240506;100648;307.46;100;10279037207;S
20240506;100648;307.46;100;10279037254;S
20240506;100648;307.46;100;10279037296;S
20240506;100648;307.46;100;10279037359;S
20240506;100649;307.46;100;10279037446;S
20240506;100649;307.47;20;10279037457;B
20240506;100649;307.46;1460;10279037474;S
20240506;100649;307.46;100;10279037477;S
20240506;100649;307.46;2150;10279037503;S
20240506;100649;307.46;100;10279037535;S
20240506;100649;307.46;40;10279037540;S
20240506;100649;307.46;270;10279037541;S
20240506;100649;307.45;30;10279037542;S
20240506;100649;307.45;50;10279037543;S
20240506;100649;307.45;10;10279037544;S
20240506;100649;307.44;100;10279037545;S
20240506;100649;307.44;10;10279037566;S
20240506;100649;307.44;30;10279037570;S
20240506;100649;307.44;100;10279037571;S
20240506;100649;307.44;100;10279037600;S
20240506;100650;307.44;100;10279037618;S
20240506;100650;307.45;140;10279037621;B
20240506;100650;307.44;10;10279037635;S
20240506;100650;307.44;10;10279037657;S
20240506;100650;307.44;10;10279037685;S
20240506;100650;307.44;10;10279037729;S
20240506;100650;307.44;10;10279037741;S
20240506;100650;307.44;10;10279037771;S
20240506;100650;307.42;100;10279037772;S
20240506;100651;307.4;10;10279037776;S
20240506;100651;307.4;340;10279037777;S
20240506;100651;307.4;160;10279037798;S
20240506;100651;307.4;150;10279037799;S
20240506;100651;307.4;20;10279037800;S
20240506;100651;307.4;10;10279037801;S
20240506;100651;307.4;10;10279037802;S
20240506;100651;307.39;10;10279037824;S
20240506;100651;307.39;120;10279037868;S
20240506;100651;307.39;10;10279037871;S
20240506;100651;307.39;10;10279037936;S
20240506;100651;307.39;190;10279037977;S
20240506;100652;307.39;110;10279038022;S
20240506;100652;307.39;440;10279038117;B
20240506;100652;307.39;60;10279038118;B
20240506;100652;307.39;10;10279038154;B
20240506;100653;307.39;10;10279038250;B
20240506;100653;307.38;160;10279038287;S
20240506;100653;307.39;420;10279038320;B
20240506;100653;307.4;500;10279038321;B
20240506;100653;307.4;700;10279038322;B
20240506;100653;307.4;800;10279038323;B
20240506;100653;307.41;400;10279038324;B
20240506;100653;307.41;500;10279038325;B
20240506;100653;307.43;500;10279038327;B
20240506;100653;307.43;100;10279038357;S
20240506;100654;307.44;10;10279038419;B
20240506;100654;307.44;490;10279038467;B
20240506;100654;307.45;500;10279038468;B
20240506;100654;307.46;500;10279038469;B
20240506;100654;307.48;500;10279038470;B
20240506;100654;307.48;510;10279038482;S
20240506;100654;307.48;90;10279038483;S
20240506;100655;307.48;310;10279038644;S
20240506;100655;307.48;490;10279038645;S
20240506;100655;307.49;10;10279038700;B
20240506;100655;307.47;30;10279038791;S
20240506;100656;307.48;10;10279038926;B
20240506;100657;307.47;430;10279039139;S
20240506;100657;307.47;1000;10279039140;S
20240506;100657;307.46;460;10279039141;S
20240506;100657;307.46;250;10279039142;S
20240506;100657;307.45;460;10279039143;S
20240506;100657;307.45;870;10279039144;S
20240506;100657;307.44;460;10279039145;S
20240506;100657;307.44;860;10279039146;S
20240506;100657;307.44;400;10279039147;S
20240506;100657;307.43;460;10279039148;S
20240506;100657;307.43;350;10279039149;S
20240506;100657;307.48;10;10279039232;B
20240506;100658;307.48;10;10279039476;B
20240506;100659;307.47;50;10279039534;S
20240506;100700;307.45;400;10279039757;S
20240506;100700;307.45;50;10279039758;S
20240506;100700;307.44;960;10279039759;S
20240506;100700;307.45;10;10279039811;S
20240506;100701;307.46;10;10279040041;B
20240506;100702;307.45;330;10279040159;S
20240506;100704;307.46;10;10279040490;B
20240506;100704;307.46;30;10279040614;B
20240506;100704;307.46;720;10279040615;B
20240506;100704;307.45;10;10279040627;S
20240506;100706;307.46;20;10279040959;B
20240506;100706;307.46;10;10279040972;B
20240506;100707;307.46;10;10279041486;B
20240506;100708;307.45;150;10279041762;S
20240506;100709;307.45;100;10279041995;S
20240506;100710;307.45;200;10279042222;S
20240506;100710;307.45;200;10279042223;S
20240506;100710;307.45;870;10279042224;S
20240506;100710;307.45;50;10279042225;S
20240506;100710;307.45;140;10279042226;S
20240506;100711;307.46;30;10279042433;B
20240506;100711;307.46;10;10279042444;B
20240506;100711;307.46;100;10279042490;B
20240506;100712;307.46;10;10279042552;B
20240506;100712;307.46;40;10279042589;B
20240506;100712;307.45;40;10279042637;S
20240506;100712;307.45;50;10279042640;S
20240506;100713;307.46;10;10279042858;B
20240506;100713;307.45;370;10279042902;S
20240506;100713;307.45;50;10279042903;S
20240506;100713;307.45;50;10279042904;S
20240506;100713;307.44;40;10279042905;S
20240506;100713;307.44;460;10279042906;S
20240506;100713;307.44;50;10279042907;S
20240506;100713;307.44;100;10279042908;S
20240506;100713;307.44;10;10279042909;S
20240506;100713;307.43;650;10279042910;S
20240506;100713;307.43;1000;10279042911;S
20240506;100713;307.43;220;10279042912;S
20240506;100714;307.46;10;10279043003;B
20240506;100717;307.45;10;10279043390;S
20240506;100717;307.45;160;10279043391;S
20240506;100718;307.46;30;10279043613;B
20240506;100718;307.46;20;10279043614;B
20240506;100718;307.46;10;10279043647;B
20240506;100719;307.46;10;10279043744;B
20240506;100720;307.45;300;10279043884;S
20240506;100720;307.45;10;10279043885;S
20240506;100720;307.45;50;10279043886;S
20240506;100720;307.44;10;10279043964;S
20240506;100721;307.44;450;10279044058;S
20240506;100721;307.43;650;10279044059;S
20240506;100723;307.43;10;10279044411;S
20240506;100723;307.44;10;10279044431;B
20240506;100723;307.44;30;10279044470;B
20240506;100723;307.45;100;10279044471;B
20240506;100723;307.45;40;10279044472;B
20240506;100723;307.45;260;10279044473;B
20240506;100723;307.45;10;10279044533;B
20240506;100725;307.44;10;10279044745;B
20240506;100725;307.45;20;10279044746;B
20240506;100726;307.43;100;10279044979;S
20240506;100726;307.44;10;10279045049;B
20240506;100726;307.44;20;10279045091;B
20240506;100726;307.44;500;10279045092;B
20240506;100726;307.45;150;10279045093;B
20240506;100727;307.45;30;10279045179;B
20240506;100727;307.43;20;10279045241;S
20240506;100727;307.43;10;10279045242;S
20240506;100727;307.43;10;10279045243;S
20240506;100727;307.43;10;10279045244;S
20240506;100727;307.43;50;10279045245;S
20240506;100727;307.45;510;10279045283;B
20240506;100727;307.45;500;10279045284;B
20240506;100727;307.45;510;10279045285;B
20240506;100727;307.45;500;10279045286;B
20240506;100727;307.46;480;10279045287;B
20240506;100728;307.45;10;10279045302;B
20240506;100728;307.43;20;10279045375;S
20240506;100728;307.43;40;10279045428;S
20240506;100728;307.43;500;10279045438;S
20240506;100730;307.45;110;10279045680;B
20240506;100730;307.45;100;10279045700;B
20240506;100731;307.43;390;10279045795;S
20240506;100731;307.43;110;10279045796;S
20240506;100731;307.43;960;10279045797;S
20240506;100732;307.43;40;10279045905;S
20240506;100732;307.43;590;10279045906;S
20240506;100732;307.44;450;10279045971;S
20240506;100732;307.43;410;10279045972;S
20240506;100732;307.43;1000;10279045973;S
20240506;100732;307.43;3140;10279045974;S
20240506;100734;307.44;30;10279046173;S
20240506;100734;307.45;10;10279046212;B
20240506;100735;307.44;10;10279046507;S
20240506;100736;307.44;10;10279046610;S
20240506;100736;307.45;10;10279046669;B
20240506;100737;307.45;100;10279046753;S
20240506;100737;307.45;100;10279046764;S
20240506;100737;307.44;100;10279046784;S
20240506;100737;307.44;70;10279046798;S
20240506;100737;307.44;30;10279046799;S
20240506;100737;307.46;100;10279046832;B
20240506;100737;307.45;100;10279046854;S
20240506;100737;307.45;410;10279046865;S
20240506;100737;307.44;970;10279046866;S
20240506;100737;307.44;50;10279046867;S
20240506;100737;307.44;30;10279046868;S
20240506;100737;307.43;3560;10279046869;S
20240506;100738;307.44;400;10279046954;S
20240506;100738;307.44;230;10279047047;S
20240506;100739;307.45;400;10279047237;B
20240506;100739;307.45;50;10279047246;S
20240506;100739;307.45;370;10279047254;S
20240506;100739;307.44;330;10279047255;S
20240506;100739;307.44;40;10279047257;S
20240506;100739;307.43;60;10279047258;S
20240506;100740;307.46;420;10279047380;B
20240506;100740;307.46;500;10279047381;B
20240506;100740;307.47;10;10279047382;B
20240506;100740;307.47;500;10279047383;B
20240506;100740;307.48;500;10279047384;B
20240506;100740;307.48;20;10279047385;B
20240506;100740;307.48;550;10279047386;B
20240506;100741;307.44;10;10279047560;S
20240506;100741;307.43;220;10279047612;S
20240506;100742;307.44;880;10279047798;S
20240506;100742;307.44;460;10279047799;S
20240506;100742;307.43;110;10279047800;S
20240506;100742;307.44;460;10279047850;S
20240506;100742;307.44;10;10279047877;B
20240506;100743;307.44;50;10279048084;B
20240506;100743;307.44;150;10279048130;B
20240506;100743;307.44;20;10279048131;B
20240506;100744;307.44;10;10279048230;B
20240506;100744;307.43;40;10279048418;S
20240506;100745;307.43;20;10279048626;S
20240506;100746;307.43;70;10279049057;S
20240506;100746;307.44;10;10279049088;B
20240506;100748;307.43;350;10279049603;S
20240506;100749;307.44;200;10279049779;B
20240506;100749;307.43;50;10279049803;S
20240506;100750;307.44;20;10279050003;B
20240506;100750;307.44;200;10279050077;B
20240506;100750;307.44;10;10279050156;B
20240506;100751;307.44;1360;10279050348;B
20240506;100751;307.44;160;10279050349;B
20240506;100751;307.45;90;10279050350;B
20240506;100751;307.45;110;10279050351;B
20240506;100751;307.47;100;10279050385;S
20240506;100752;307.47;100;10279050406;S
20240506;100752;307.47;170;10279050427;S
20240506;100752;307.47;100;10279050449;S
20240506;100752;307.47;510;10279050462;S
20240506;100752;307.47;620;10279050463;S
20240506;100752;307.47;330;10279050464;S
20240506;100752;307.47;100;10279050478;S
20240506;100752;307.48;20;10279050482;B
20240506;100752;307.47;360;10279050490;S
20240506;100752;307.47;870;10279050491;S
20240506;100752;307.47;500;10279050492;S
20240506;100752;307.47;980;10279050493;S
20240506;100752;307.46;460;10279050494;S
20240506;100752;307.46;500;10279050495;S
20240506;100752;307.46;400;10279050496;S
20240506;100752;307.45;510;10279050497;S
20240506;100752;307.45;460;10279050498;S
20240506;100752;307.45;500;10279050499;S
20240506;100752;307.45;880;10279050500;S
20240506;100752;307.45;620;10279050501;S
20240506;100752;307.44;460;10279050502;S
20240506;100752;307.44;500;10279050503;S
20240506;100753;307.48;110;10279050678;B
20240506;100753;307.48;1000;10279050679;B
20240506;100753;307.49;1390;10279050680;B
20240506;100753;307.48;100;10279050699;S
20240506;100753;307.48;100;10279050730;S
20240506;100753;307.48;100;10279050758;S
20240506;100753;307.49;20;10279050794;B
20240506;100753;307.48;100;10279050798;S
20240506;100754;307.48;60;10279050845;S
20240506;100754;307.48;40;10279050846;S
20240506;100754;307.48;100;10279050911;S
20240506;100754;307.48;100;10279050975;S
20240506;100754;307.48;100;10279050991;S
20240506;100754;307.48;100;10279051068;S
20240506;100755;307.48;60;10279051118;S
20240506;100755;307.48;40;10279051119;S
20240506;100755;307.48;100;10279051148;S
20240506;100755;307.48;100;10279051160;S
20240506;100755;307.48;100;10279051175;S
20240506;100755;307.48;100;10279051193;S
20240506;100755;307.48;100;10279051202;S
20240506;100755;307.48;100;10279051222;S
20240506;100755;307.48;100;10279051239;S
20240506;100755;307.48;100;10279051267;S
20240506;100755;307.48;100;10279051289;S
20240506;100756;307.48;100;10279051303;S
20240506;100756;307.48;100;10279051327;S
20240506;100756;307.48;100;10279051386;S
20240506;100756;307.48;100;10279051415;S
20240506;100756;307.48;100;10279051437;S
20240506;100756;307.48;100;10279051454;S
20240506;100756;307.48;20;10279051460;S
20240506;100756;307.48;80;10279051495;S
20240506;100756;307.48;20;10279051496;S
20240506;100800;307.45;50;10279052095;S
20240506;100801;307.45;10;10279052326;S
20240506;100802;307.45;400;10279052524;S
20240506;100802;307.45;1000;10279052525;S
20240506;100802;307.45;60;10279052526;S
20240506;100804;307.45;310;10279052827;S
20240506;100805;307.45;10;10279052989;S
20240506;100806;307.47;980;10279053098;B
20240506;100806;307.47;120;10279053099;B
20240506;100807;307.48;10;10279053316;B
20240506;100807;307.49;1030;10279053317;B
20240506;100807;307.49;10;10279053318;B
20240506;100807;307.5;6950;10279053319;B
20240506;100807;307.49;100;10279053358;S
20240506;100807;307.49;100;10279053397;S
20240506;100808;307.49;260;10279053409;S
20240506;100808;307.49;40;10279053410;S
20240506;100808;307.49;100;10279053537;S
20240506;100808;307.49;100;10279053628;S
20240506;100808;307.5;10;10279053646;B
20240506;100808;307.49;100;10279053648;S
20240506;100809;307.49;100;10279053728;S
20240506;100809;307.49;60;10279053781;S
20240506;100809;307.49;40;10279053782;S
20240506;100809;307.49;100;10279053817;S
20240506;100809;307.49;860;10279053858;S
20240506;100809;307.49;100;10279053859;S
20240506;100809;307.49;460;10279053860;S
20240506;100809;307.49;500;10279053861;S
20240506;100809;307.48;1000;10279053862;S
20240506;100809;307.48;460;10279053863;S
20240506;100809;307.48;500;10279053864;S
20240506;100809;307.48;1120;10279053865;S
20240506;100809;307.48;10;10279053880;S
20240506;100809;307.48;90;10279053881;S
20240506;100809;307.49;400;10279053896;B
20240506;100809;307.49;400;10279053897;B
20240506;100809;307.5;1700;10279053898;B
20240506;100811;307.5;30;10279054240;B
20240506;100812;307.49;100;10279054325;S
20240506;100812;307.49;780;10279054330;S
20240506;100812;307.49;400;10279054331;S
20240506;100812;307.49;280;10279054332;S
20240506;100812;307.5;10;10279054343;B
20240506;100812;307.5;50;10279054348;B
20240506;100812;307.49;100;10279054384;S
20240506;100812;307.49;100;10279054443;S
20240506;100812;307.49;20;10279054455;S
20240506;100812;307.49;80;10279054456;S
20240506;100813;307.49;100;10279054503;S
20240506;100813;307.49;100;10279054527;S
20240506;100813;307.49;100;10279054544;S
20240506;100813;307.49;100;10279054580;S
20240506;100813;307.49;100;10279054610;S
20240506;100814;307.5;10;10279054791;B
20240506;100816;307.49;100;10279055183;S
20240506;100816;307.49;100;10279055238;S
20240506;100816;307.49;100;10279055285;S
20240506;100816;307.49;100;10279055313;S
20240506;100817;307.5;100;10279055326;B
20240506;100817;307.49;100;10279055361;S
20240506;100817;307.48;10;10279055367;S
20240506;100820;307.48;90;10279055927;B
20240506;100822;307.47;1000;10279056169;S
20240506;100823;307.45;460;10279056375;S
20240506;100823;307.45;10;10279056462;S
20240506;100826;307.48;790;10279056867;B
20240506;100826;307.48;510;10279056868;B
20240506;100826;307.48;980;10279056869;B
20240506;100826;307.49;220;10279056870;B
20240506;100826;307.45;80;10279056973;S
20240506;100827;307.45;70;10279057091;S
20240506;100827;307.45;1000;10279057092;S
20240506;100827;307.45;50;10279057093;S
20240506;100827;307.45;100;10279057094;S
20240506;100827;307.45;1600;10279057095;S
20240506;100827;307.45;20;10279057096;S
20240506;100827;307.44;500;10279057097;S
20240506;100827;307.44;460;10279057098;S
20240506;100827;307.44;200;10279057099;S
20240506;100827;307.45;1000;10279057121;S
20240506;100828;307.45;20;10279057265;S
20240506;100829;307.48;160;10279057428;B
20240506;100830;307.48;10;10279057578;B
20240506;100830;307.45;50;10279057597;S
20240506;100831;307.48;40;10279057805;B
20240506;100831;307.47;20;10279057830;S
20240506;100831;307.47;630;10279057839;S
20240506;100832;307.46;100;10279057923;S
20240506;100832;307.46;10;10279057959;S
20240506;100832;307.45;460;10279057960;S
20240506;100832;307.45;60;10279057970;S
20240506;100833;307.45;410;10279058052;S
20240506;100833;307.45;10;10279058138;B
20240506;100834;307.44;50;10279058287;S
20240506;100834;307.44;990;10279058288;S
20240506;100834;307.47;500;10279058353;B
20240506;100834;307.48;770;10279058354;B
20240506;100834;307.48;880;10279058355;B
20240506;100834;307.48;350;10279058356;B
20240506;100835;307.47;10;10279058559;B
20240506;100835;307.47;90;10279058582;B
20240506;100835;307.48;10;10279058589;B
20240506;100835;307.48;10;10279058591;B
20240506;100836;307.48;20;10279058757;B
20240506;100837;307.47;10;10279058889;B
20240506;100838;307.47;970;10279058982;B
20240506;100838;307.48;860;10279058983;B
20240506;100838;307.49;780;10279058984;B
20240506;100838;307.49;100;10279058985;B
20240506;100838;307.49;1180;10279058986;B
20240506;100838;307.49;400;10279058987;B
20240506;100838;307.5;1140;10279058988;B
20240506;100838;307.5;110;10279058989;B
20240506;100838;307.5;10000;10279058990;B
20240506;100838;307.51;100;10279059009;S
20240506;100838;307.51;100;10279059032;S
20240506;100838;307.51;100;10279059092;S
20240506;100838;307.51;100;10279059185;S
20240506;100839;307.53;100;10279059213;S
20240506;100839;307.53;100;10279059261;S
20240506;100840;307.53;780;10279059401;S
20240506;100840;307.53;10;10279059402;S
20240506;100840;307.53;210;10279059403;S
20240506;100841;307.52;100;10279059588;S
20240506;100841;307.57;10;10279059695;B
20240506;100843;307.59;460;10279060004;B
