<DATE>;<TIME>;<LAST>;<VOL>;<ID>;<OPER>
20240213;095939;287.52;20;9591010545;S
20240213;095939;287.52;20;9591010546;S
20240213;095939;287.52;10;9591010547;S
20240213;095939;287.52;20;9591010548;S
20240213;095939;287.52;10;9591010549;S
20240213;095939;287.52;20;9591010550;S
20240213;095939;287.52;10;9591010551;S
20240213;095939;287.52;20;9591010552;S
20240213;095939;287.52;20;9591010553;S
20240213;095939;287.52;20;9591010554;B
20240213;095939;287.52;10;9591010555;B
20240213;095939;287.52;100;9591010556;B
20240213;095939;287.52;50;9591010557;B
20240213;095939;287.52;100;9591010558;B
20240213;095939;287.52;110;9591010559;B
20240213;095939;287.52;50;9591010560;B
20240213;095939;287.52;20;9591010561;B
20240213;095939;287.52;100;9591010562;S
20240213;095939;287.52;360;9591010563;S
20240213;095939;287.52;10;9591010564;S
20240213;095939;287.52;10;9591010565;S
20240213;095939;287.52;10;9591010566;S
20240213;095939;287.52;100;9591010567;S
20240213;095939;287.52;40;9591010568;S
20240213;095939;287.52;10;9591010569;S
20240213;095939;287.52;10;9591010570;S
20240213;095939;287.52;200;9591010571;S
20240213;095939;287.52;10;9591010572;S
20240213;095939;287.52;10;9591010573;S
20240213;095939;287.52;190;9591010574;S
20240213;095939;287.52;30;9591010575;S
20240213;095939;287.52;100;9591010576;S
20240213;095939;287.52;840;9591010577;S
20240213;095939;287.52;300;9591010578;S
20240213;095939;287.52;100;9591010579;S
20240213;095939;287.52;500;9591010580;S
20240213;095939;287.52;10;9591010581;S
20240213;095939;287.52;10;9591010582;S
20240213;095939;287.52;1000;9591010583;S
20240213;095939;287.52;10;9591010584;S
20240213;095939;287.52;100;9591010585;S
20240213;095939;287.52;10;9591010586;S
20240213;095939;287.52;70;9591010587;S
20240213;095939;287.52;70;9591010588;S
20240213;095939;287.52;270;9591010589;S
20240213;095939;287.52;20;9591010590;S
20240213;095939;287.52;70;9591010591;S
20240213;095939;287.52;100;9591010592;S
20240213;095939;287.52;130;9591010593;S
20240213;095939;287.52;10;9591010594;S
20240213;095939;287.52;10;9591010595;S
20240213;095939;287.52;10;9591010596;S
20240213;095939;287.52;10;9591010597;S
20240213;095939;287.52;1000;9591010598;S
20240213;095939;287.52;30;9591010599;S
20240213;095939;287.52;20;9591010600;S
20240213;095939;287.52;10;9591010601;S
20240213;095939;287.52;10;9591010602;S
20240213;095939;287.52;40;9591010603;S
20240213;095939;287.52;10;9591010604;S
20240213;095939;287.52;10;9591010605;S
20240213;095939;287.52;10;9591010606;S
20240213;095939;287.52;160;9591010607;S
20240213;095939;287.52;30;9591010608;S
20240213;095939;287.52;20;9591010609;S
20240213;095939;287.52;10;9591010610;B
20240213;095939;287.52;10;9591010611;B
20240213;095939;287.52;20;9591010612;B
20240213;095939;287.52;20;9591010613;B
20240213;095939;287.52;10;9591010614;B
20240213;095939;287.52;110;9591010615;B
20240213;095939;287.52;70;9591010616;B
20240213;095939;287.52;200;9591010617;B
20240213;095939;287.52;100;9591010618;B
20240213;095939;287.52;100;9591010619;B
20240213;095939;287.52;10;9591010620;B
20240213;095939;287.52;1000;9591010621;B
20240213;095939;287.52;10;9591010622;B
20240213;095939;287.52;500;9591010623;B
20240213;095939;287.52;40;9591010624;B
20240213;095939;287.52;20;9591010625;B
20240213;095939;287.52;430;9591010626;B
20240213;095939;287.52;570;9591010627;B
20240213;095939;287.52;40;9591010628;B
20240213;095939;287.52;500;9591010629;B
20240213;095939;287.52;20;9591010630;B
20240213;095939;287.52;10;9591010631;B
20240213;095939;287.52;10;9591010632;B
20240213;095939;287.52;20;9591010633;B
20240213;095939;287.52;10;9591010634;B
20240213;095939;287.52;10;9591010635;B
20240213;095939;287.52;20;9591010636;B
20240213;095939;287.52;10;9591010637;B
20240213;095939;287.52;10;9591010638;B
20240213;095939;287.52;10;9591010639;B
20240213;095939;287.52;60;9591010640;B
20240213;095939;287.52;30;9591010641;B
20240213;095939;287.52;650;9591010642;B
20240213;095939;287.52;10;9591010643;B
20240213;095939;287.52;500;9591010644;B
20240213;095939;287.52;40;9591010645;B
20240213;095939;287.52;10;9591010646;B
20240213;095939;287.52;300;9591010647;B
20240213;095939;287.52;20;9591010648;B
20240213;095939;287.52;350;9591010649;B
20240213;095939;287.52;10;9591010650;B
20240213;095939;287.52;10;9591010651;B
20240213;095939;287.52;10;9591010652;B
20240213;095939;287.52;10;9591010653;B
20240213;095939;287.52;40;9591010654;S
20240213;095939;287.52;160;9591010655;B
20240213;095939;287.52;30;9591010656;B
20240213;095939;287.52;180;9591010657;B
20240213;095939;287.52;10;9591010658;B
20240213;095939;287.52;60;9591010659;B
20240213;095939;287.52;50;9591010660;B
20240213;095939;287.52;10;9591010661;B
20240213;095939;287.52;50;9591010662;S
20240213;095939;287.52;1500;9591010663;S
20240213;095939;287.52;900;9591010664;B
20240213;095939;287.52;10;9591010665;B
20240213;095939;287.52;10;9591010666;B
20240213;095939;287.52;20;9591010667;B
20240213;095939;287.52;80;9591010668;B
20240213;095939;287.52;60;9591010669;B
20240213;095939;287.52;180;9591010670;B
20240213;095939;287.52;50;9591010671;B
20240213;095939;287.52;10;9591010672;B
20240213;095939;287.52;680;9591010673;B
20240213;095939;287.52;50;9591010674;B
20240213;095939;287.52;1130;9591010675;B
20240213;095939;287.52;40;9591010676;B
20240213;095939;287.52;200;9591010677;B
20240213;095939;287.52;350;9591010678;B
20240213;095939;287.52;350;9591010679;B
20240213;095939;287.52;10;9591010680;B
20240213;095939;287.52;120;9591010681;B
20240213;095939;287.52;10;9591010682;B
20240213;095939;287.52;200;9591010683;S
20240213;095939;287.52;30;9591010684;B
20240213;095939;287.52;40;9591010685;B
20240213;095939;287.52;10;9591010686;B
20240213;095939;287.52;20;9591010687;B
20240213;095939;287.52;10;9591010688;B
20240213;095939;287.52;20;9591010689;B
20240213;095939;287.52;30;9591010690;B
20240213;095939;287.52;30;9591010691;B
20240213;095939;287.52;30;9591010692;B
20240213;095939;287.52;30;9591010693;B
20240213;095939;287.52;1700;9591010694;B
20240213;095939;287.52;200;9591010695;B
20240213;095939;287.52;2830;9591010696;B
20240213;095939;287.52;140;9591010697;B
20240213;095939;287.52;2000;9591010698;B
20240213;095939;287.52;30;9591010699;B
20240213;095939;287.52;8440;9591010700;B
20240213;095939;287.52;120;9591010701;S
20240213;095939;287.52;20;9591010702;S
20240213;095939;287.52;50;9591010703;S
20240213;095939;287.52;20;9591010704;B
20240213;095939;287.52;40;9591010705;S
20240213;095939;287.52;100;9591010706;S
20240213;095939;287.52;100;9591010707;S
20240213;095939;287.52;10;9591010708;B
20240213;095939;287.52;10;9591010709;B
20240213;095939;287.52;50;9591010710;S
20240213;095939;287.52;70;9591010711;S
20240213;095939;287.52;980;9591010712;B
20240213;095939;287.52;2000;9591010713;B
20240213;095939;287.52;2990;9591010714;B
20240213;100000;287.52;2000;9591014777;S
20240213;100000;287.52;10;9591014778;S
20240213;100000;287.51;210;9591014779;S
20240213;100000;287.51;60;9591014780;S
20240213;100000;287.51;30;9591014781;S
20240213;100000;287.51;300;9591014794;S
20240213;100000;287.51;500;9591014796;S
20240213;100000;287.51;170;9591014798;S
20240213;100000;287.51;800;9591014799;S
20240213;100000;287.51;30;9591014800;S
20240213;100000;287.51;300;9591014804;S
20240213;100000;287.51;500;9591014806;S
20240213;100000;287.51;200;9591014809;S
20240213;100000;287.51;470;9591014810;S
20240213;100000;287.51;530;9591014811;S
20240213;100000;287.51;200;9591014822;S
20240213;100000;287.51;600;9591014833;S
20240213;100000;287.51;1000;9591014835;S
20240213;100000;287.51;1000;9591014847;S
20240213;100000;287.51;670;9591014850;S
20240213;100000;287.51;1210;9591014851;S
20240213;100000;287.51;240;9591014860;S
20240213;100000;287.5;7110;9591014970;S
20240213;100000;287.5;6050;9591015022;S
20240213;100000;287.51;400;9591015023;B
20240213;100000;287.51;240;9591015024;B
20240213;100000;287.51;300;9591015254;B
20240213;100000;287.51;400;9591015255;B
20240213;100000;287.51;310;9591015256;B
20240213;100000;287.51;390;9591015423;B
20240213;100000;287.51;100;9591015424;B
20240213;100000;287.5;200;9591015491;S
20240213;100000;287.51;60;9591015509;B
20240213;100000;287.5;20;9591015562;S
20240213;100001;287.51;50;9591015623;B
20240213;100001;287.51;280;9591015657;B
20240213;100001;287.51;50;9591015658;B
20240213;100001;287.51;230;9591015659;B
20240213;100001;287.51;170;9591015662;B
20240213;100001;287.51;400;9591015663;B
20240213;100001;287.51;1710;9591015664;B
20240213;100001;287.52;940;9591015697;B
20240213;100001;287.52;50;9591015719;B
20240213;100001;287.52;500;9591015722;B
20240213;100001;287.52;440;9591015723;B
20240213;100001;287.52;560;9591015925;B
20240213;100001;287.52;1500;9591015926;B
20240213;100001;287.52;2000;9591015927;B
20240213;100001;287.52;460;9591015928;B
20240213;100001;287.52;40;9591015932;B
20240213;100001;287.52;430;9591015933;B
20240213;100001;287.51;1040;9591015934;S
20240213;100001;287.51;470;9591015944;B
20240213;100001;287.51;480;9591015955;B
20240213;100001;287.5;10;9591015986;S
20240213;100001;287.51;10;9591015988;B
20240213;100001;287.51;470;9591015989;B
20240213;100001;287.5;2000;9591016009;S
20240213;100001;287.51;10;9591016012;B
20240213;100001;287.5;1590;9591016013;S
20240213;100001;287.5;410;9591016014;S
20240213;100001;287.5;90;9591016017;S
20240213;100001;287.5;1800;9591016018;S
20240213;100001;287.5;110;9591016019;S
20240213;100001;287.5;140;9591016031;S
20240213;100001;287.5;50;9591016032;S
20240213;100001;287.5;1750;9591016033;S
20240213;100001;287.5;60;9591016034;S
20240213;100001;287.5;70;9591016142;S
20240213;100001;287.5;70;9591016146;S
20240213;100001;287.51;60;9591016243;B
20240213;100001;287.51;290;9591016244;B
20240213;100001;287.51;110;9591016443;B
20240213;100001;287.51;350;9591016444;B
20240213;100001;287.51;10;9591016445;B
20240213;100002;287.5;100;9591016465;S
20240213;100002;287.5;50;9591016466;S
20240213;100002;287.5;50;9591016467;S
20240213;100002;287.5;10;9591016468;S
20240213;100002;287.5;30;9591016469;S
20240213;100002;287.48;10;9591016477;S
20240213;100002;287.45;100;9591016479;S
20240213;100002;287.45;940;9591016480;S
20240213;100002;287.45;400;9591016481;B
20240213;100002;287.45;150;9591016484;B
20240213;100002;287.44;100;9591016486;S
20240213;100002;287.44;100;9591016495;S
20240213;100002;287.44;100;9591016498;S
20240213;100002;287.45;270;9591016505;B
20240213;100002;287.44;100;9591016508;S
20240213;100002;287.44;100;9591016511;S
20240213;100002;287.44;100;9591016512;S
20240213;100002;287.44;700;9591016513;S
20240213;100002;287.44;100;9591016514;S
20240213;100002;287.44;100;9591016515;S
20240213;100002;287.44;300;9591016516;S
20240213;100002;287.44;2000;9591016517;S
20240213;100002;287.44;400;9591016519;S
20240213;100002;287.44;100;9591016520;S
20240213;100002;287.44;100;9591016524;S
20240213;100002;287.44;100;9591016525;S
20240213;100002;287.44;400;9591016526;S
20240213;100002;287.45;240;9591016527;B
20240213;100002;287.45;930;9591016528;B
20240213;100002;287.44;100;9591016529;S
20240213;100002;287.44;700;9591016530;S
20240213;100002;287.44;200;9591016531;S
20240213;100002;287.44;2000;9591016533;S
20240213;100002;287.44;500;9591016534;S
20240213;100002;287.45;200;9591016555;B
20240213;100002;287.44;2000;9591016575;S
20240213;100002;287.45;870;9591016579;B
20240213;100002;287.45;130;9591016580;B
20240213;100002;287.45;80;9591016632;B
20240213;100002;287.44;1200;9591016634;S
20240213;100002;287.45;1000;9591016713;B
20240213;100002;287.45;570;9591016826;B
20240213;100002;287.45;210;9591017021;B
20240213;100002;287.45;1570;9591017022;B
20240213;100002;287.45;540;9591017023;B
20240213;100002;287.45;100;9591017024;B
20240213;100002;287.45;100;9591017025;B
20240213;100002;287.46;540;9591017026;B
20240213;100002;287.47;540;9591017027;B
20240213;100002;287.48;540;9591017028;B
20240213;100002;287.49;540;9591017029;B
20240213;100002;287.49;320;9591017030;B
20240213;100002;287.47;1040;9591017035;S
20240213;100002;287.46;160;9591017036;S
20240213;100002;287.46;190;9591017041;S
20240213;100002;287.46;610;9591017042;B
20240213;100003;287.47;200;9591017124;S
20240213;100003;287.51;530;9591017129;B
20240213;100003;287.51;300;9591017130;B
20240213;100003;287.52;470;9591017131;B
20240213;100003;287.48;1040;9591017221;S
20240213;100003;287.48;960;9591017222;S
20240213;100003;287.48;2000;9591017223;S
20240213;100003;287.48;310;9591017224;S
20240213;100003;287.42;400;9591017225;S
20240213;100003;287.41;10;9591017226;S
20240213;100003;287.41;350;9591017227;S
20240213;100003;287.41;1050;9591017228;S
20240213;100003;287.4;50;9591017313;S
20240213;100003;287.4;50;9591017314;S
20240213;100003;287.4;1000;9591017315;S
20240213;100003;287.4;400;9591017316;S
20240213;100003;287.41;40;9591017397;B
20240213;100003;287.4;20;9591017412;S
20240213;100004;287.4;600;9591017483;S
20240213;100004;287.4;240;9591017484;S
20240213;100004;287.4;100;9591017485;S
20240213;100004;287.4;2000;9591017486;S
20240213;100004;287.4;900;9591017487;S
20240213;100004;287.43;120;9591017895;S
20240213;100004;287.49;10;9591018028;B
20240213;100005;287.49;690;9591018205;B
20240213;100005;287.49;10;9591018208;B
20240213;100005;287.49;10;9591018275;B
20240213;100005;287.49;2290;9591018313;B
20240213;100005;287.5;50;9591018314;B
20240213;100005;287.44;400;9591018322;S
20240213;100005;287.43;1050;9591018323;S
20240213;100005;287.42;540;9591018324;S
20240213;100005;287.41;540;9591018325;S
20240213;100005;287.41;2880;9591018326;B
20240213;100005;287.47;40;9591018474;B
20240213;100005;287.47;10;9591018539;B
20240213;100005;287.46;10;9591018540;S
20240213;100005;287.46;10;9591018541;S
20240213;100005;287.47;100;9591018581;B
20240213;100005;287.47;30;9591018687;B
20240213;100005;287.47;10;9591018688;B
20240213;100005;287.47;10;9591018689;B
20240213;100005;287.44;400;9591018871;S
20240213;100005;287.44;10;9591018936;B
20240213;100005;287.44;10;9591018938;B
20240213;100005;287.44;1380;9591019015;B
20240213;100005;287.47;80;9591019146;S
20240213;100006;287.5;30;9591019336;B
20240213;100006;287.49;400;9591019340;S
20240213;100006;287.48;2000;9591019341;S
20240213;100006;287.49;1050;9591019367;S
20240213;100006;287.49;400;9591019368;S
20240213;100006;287.48;230;9591019440;S
20240213;100006;287.48;370;9591019441;S
20240213;100006;287.48;500;9591019443;S
20240213;100006;287.48;500;9591019444;S
20240213;100006;287.49;10;9591019476;B
20240213;100006;287.48;10;9591019478;S
20240213;100006;287.49;10;9591019479;B
20240213;100006;287.49;200;9591019695;B
20240213;100006;287.48;20;9591019696;S
20240213;100006;287.48;170;9591019748;S
20240213;100006;287.49;10;9591019819;B
20240213;100006;287.49;30;9591019821;B
20240213;100006;287.49;20;9591019824;B
20240213;100006;287.49;10;9591019827;B
20240213;100006;287.48;10;9591019829;S
20240213;100006;287.49;20;9591019830;B
20240213;100006;287.49;10;9591019834;B
20240213;100006;287.48;400;9591019868;S
20240213;100006;287.48;250;9591019870;S
20240213;100006;287.44;180;9591019888;S
20240213;100006;287.43;1050;9591019904;S
20240213;100006;287.43;10;9591020017;B
20240213;100006;287.43;10;9591020018;B
20240213;100006;287.43;170;9591020020;B
20240213;100006;287.41;250;9591020022;S
20240213;100006;287.43;260;9591020053;B
20240213;100006;287.44;50;9591020054;B
20240213;100006;287.44;690;9591020055;B
20240213;100006;287.44;10;9591020233;B
20240213;100006;287.44;170;9591020234;B
20240213;100006;287.44;10;9591020475;B
20240213;100006;287.44;40;9591020495;B
20240213;100006;287.43;70;9591020497;S
20240213;100006;287.44;10;9591020499;B
20240213;100006;287.44;40;9591020585;B
20240213;100007;287.44;400;9591020668;S
20240213;100007;287.43;1050;9591020669;S
20240213;100007;287.43;10;9591020670;S
20240213;100007;287.43;350;9591020671;S
20240213;100007;287.43;10;9591020801;B
20240213;100007;287.43;30;9591020802;B
20240213;100007;287.42;10;9591020803;S
20240213;100007;287.43;10;9591020804;B
20240213;100007;287.43;70;9591020805;B
20240213;100007;287.43;10;9591020861;B
20240213;100007;287.43;10;9591021131;B
20240213;100007;287.43;50;9591021132;B
20240213;100007;287.43;30;9591021133;B
20240213;100007;287.43;20;9591021134;B
20240213;100007;287.43;20;9591021136;B
20240213;100007;287.42;10;9591021251;S
20240213;100007;287.43;10;9591021370;B
20240213;100007;287.42;380;9591021371;S
20240213;100007;287.42;110;9591021372;S
20240213;100007;287.42;30;9591021484;S
20240213;100007;287.42;70;9591021505;S
20240213;100007;287.42;80;9591021513;S
20240213;100007;287.42;80;9591021514;S
20240213;100007;287.43;80;9591021551;B
20240213;100007;287.43;30;9591021553;B
20240213;100007;287.43;100;9591021587;B
20240213;100008;287.43;400;9591021590;S
20240213;100008;287.42;90;9591021591;S
20240213;100008;287.46;10;9591021860;S
20240213;100008;287.5;40;9591021861;B
20240213;100008;287.46;220;9591021863;S
20240213;100008;287.5;30;9591021864;B
20240213;100008;287.51;70;9591021865;B
20240213;100008;287.51;70;9591021894;B
20240213;100008;287.51;10;9591022164;B
20240213;100008;287.45;20;9591022165;S
20240213;100008;287.45;50;9591022185;S
20240213;100008;287.45;1950;9591022187;B
20240213;100008;287.51;400;9591022206;B
20240213;100008;287.52;80;9591022207;B
20240213;100008;287.48;350;9591022229;S
20240213;100008;287.48;400;9591022230;S
20240213;100008;287.48;1040;9591022232;B
20240213;100008;287.48;80;9591022234;B
20240213;100008;287.48;130;9591022236;B
20240213;100008;287.49;350;9591022252;S
20240213;100008;287.49;400;9591022253;S
20240213;100008;287.49;1250;9591022265;B
20240213;100008;287.49;500;9591022283;B
20240213;100008;287.49;1250;9591022284;B
20240213;100008;287.49;250;9591022285;B
20240213;100008;287.52;530;9591022302;B
20240213;100008;287.52;920;9591022329;B
20240213;100008;287.52;170;9591022330;B
20240213;100008;287.52;600;9591022359;B
20240213;100008;287.5;100;9591022368;S
20240213;100009;287.52;230;9591022376;B
20240213;100009;287.52;2000;9591022377;B
20240213;100009;287.52;1000;9591022378;B
20240213;100009;287.52;380;9591022379;B
20240213;100009;287.52;620;9591022380;B
20240213;100009;287.52;200;9591022381;B
20240213;100009;287.53;1000;9591022388;B
20240213;100009;287.59;40;9591022395;B
20240213;100009;287.54;100;9591022403;S
20240213;100009;287.59;100;9591022436;B
20240213;100009;287.59;400;9591022510;B
20240213;100009;287.59;300;9591022511;B
20240213;100009;287.6;50;9591022512;B
20240213;100009;287.59;540;9591022528;B
20240213;100009;287.59;300;9591022529;B
20240213;100009;287.6;150;9591022530;B
20240213;100009;287.6;30;9591022531;B
20240213;100009;287.6;470;9591022532;B
20240213;100009;287.54;100;9591022541;S
20240213;100009;287.54;100;9591022544;B
20240213;100009;287.6;50;9591022766;B
20240213;100009;287.6;20;9591022777;B
20240213;100009;287.6;330;9591022778;B
20240213;100009;287.59;540;9591022812;B
20240213;100009;287.6;330;9591022813;B
20240213;100009;287.52;400;9591022969;S
20240213;100009;287.45;1040;9591022970;S
20240213;100009;287.45;960;9591022971;B
20240213;100009;287.45;400;9591022972;B
20240213;100009;287.45;1600;9591022973;B
20240213;100009;287.46;2000;9591022974;B
20240213;100009;287.49;540;9591022975;B
20240213;100009;287.5;540;9591022976;B
20240213;100009;287.51;540;9591022977;B
20240213;100009;287.52;540;9591022978;B
20240213;100009;287.53;540;9591022979;B
20240213;100009;287.54;540;9591022980;B
20240213;100009;287.55;700;9591022981;B
20240213;100009;287.55;1000;9591022982;B
20240213;100009;287.55;540;9591022983;B
20240213;100009;287.55;3000;9591022984;B
20240213;100009;287.56;540;9591022985;B
20240213;100009;287.56;100;9591022986;B
20240213;100009;287.57;540;9591022987;B
20240213;100009;287.58;540;9591022988;B
20240213;100009;287.58;2000;9591022989;B
20240213;100009;287.59;2000;9591022990;B
20240213;100009;287.6;2370;9591022991;B
20240213;100009;287.6;1040;9591022992;B
20240213;100009;287.61;20;9591022993;B
20240213;100009;287.61;30;9591022994;B
20240213;100009;287.64;2380;9591022995;B
20240213;100009;287.53;400;9591023025;S
20240213;100009;287.52;350;9591023026;S
20240213;100009;287.52;1050;9591023027;S
20240213;100009;287.52;200;9591023028;S
20240213;100009;287.53;540;9591023029;S
20240213;100009;287.52;340;9591023030;S
20240213;100009;287.52;1120;9591023031;B
20240213;100009;287.52;1120;9591023032;B
20240213;100009;287.52;280;9591023033;B
20240213;100009;287.52;600;9591023034;B
20240213;100009;287.52;2000;9591023036;B
20240213;100009;287.53;20;9591023037;B
20240213;100009;287.53;1980;9591023038;B
20240213;100009;287.53;20;9591023039;B
20240213;100009;287.53;1980;9591023040;B
20240213;100009;287.53;1980;9591023041;B
20240213;100009;287.53;20;9591023042;B
20240213;100009;287.53;350;9591023043;S
20240213;100009;287.53;20;9591023044;B
20240213;100009;287.53;20;9591023045;B
20240213;100009;287.53;20;9591023046;B
20240213;100009;287.53;20;9591023047;B
20240213;100009;287.53;20;9591023048;B
20240213;100009;287.53;350;9591023049;B
20240213;100010;287.64;500;9591023257;B
20240213;100010;287.57;80;9591023300;S
20240213;100010;287.57;700;9591023304;S
20240213;100010;287.65;10;9591023324;B
20240213;100010;287.65;280;9591023344;B
20240213;100010;287.65;250;9591023382;B
20240213;100010;287.65;50;9591023383;B
20240213;100010;287.65;20;9591023407;B
20240213;100010;287.65;350;9591023423;B
20240213;100010;287.55;70;9591023466;S
20240213;100010;287.6;10;9591023470;B
20240213;100010;287.55;20;9591023477;S
20240213;100010;287.6;10;9591023509;B
20240213;100010;287.65;40;9591023510;B
20240213;100010;287.57;10;9591023511;S
20240213;100010;287.64;10;9591023526;B
20240213;100010;287.64;160;9591023536;B
20240213;100010;287.64;210;9591023566;B
20240213;100010;287.64;50;9591023574;B
20240213;100010;287.64;110;9591023580;B
20240213;100010;287.64;40;9591023581;B
20240213;100010;287.64;500;9591023615;B
20240213;100010;287.64;10;9591023627;B
20240213;100010;287.64;110;9591023666;B
20240213;100010;287.64;10;9591023669;B
20240213;100010;287.64;20;9591023689;B
20240213;100011;287.64;10;9591023694;B
20240213;100011;287.56;80;9591023747;S
20240213;100011;287.64;30;9591023766;B
20240213;100011;287.64;10;9591023767;B
20240213;100011;287.64;10;9591023817;B
20240213;100011;287.64;50;9591023866;B
20240213;100011;287.64;20;9591023871;B
20240213;100011;287.64;10;9591023880;B
20240213;100011;287.64;110;9591023916;B
20240213;100011;287.64;220;9591023917;B
20240213;100011;287.6;1000;9591023934;S
20240213;100011;287.58;400;9591023949;S
20240213;100011;287.58;540;9591023950;S
20240213;100011;287.58;50;9591023953;B
20240213;100011;287.58;10;9591023954;B
20240213;100011;287.58;10;9591023972;S
20240213;100011;287.66;10;9591024012;B
20240213;100011;287.65;70;9591024032;B
20240213;100011;287.65;10;9591024047;B
20240213;100011;287.65;250;9591024085;B
20240213;100011;287.63;300;9591024126;S
20240213;100011;287.63;1200;9591024127;S
20240213;100011;287.63;100;9591024128;S
20240213;100011;287.63;100;9591024129;S
20240213;100011;287.63;100;9591024130;S
20240213;100011;287.63;100;9591024131;S
20240213;100011;287.63;100;9591024132;S
20240213;100011;287.63;200;9591024133;S
20240213;100011;287.63;100;9591024134;S
20240213;100011;287.63;50;9591024135;S
20240213;100011;287.59;50;9591024136;S
20240213;100012;287.63;170;9591024204;B
20240213;100012;287.63;830;9591024205;B
20240213;100013;287.66;20;9591024567;B
20240213;100014;287.62;10;9591024795;S
20240213;100014;287.62;130;9591024796;S
20240213;100015;287.64;10;9591024948;B
20240213;100015;287.64;390;9591024976;B
20240213;100015;287.65;100;9591024984;B
20240213;100015;287.65;400;9591024985;B
20240213;100015;287.65;300;9591024986;B
20240213;100015;287.66;1200;9591024987;B
20240213;100016;287.65;20;9591025145;S
20240213;100016;287.66;800;9591025235;B
20240213;100016;287.66;300;9591025236;B
20240213;100016;287.66;70;9591025237;B
20240213;100017;287.66;1200;9591025412;B
20240213;100017;287.66;10;9591025470;B
20240213;100018;287.66;170;9591025595;B
20240213;100018;287.65;80;9591025666;S
20240213;100018;287.65;10;9591025667;S
20240213;100018;287.65;10;9591025668;S
20240213;100019;287.65;200;9591025702;S
20240213;100019;287.66;10;9591025713;B
20240213;100019;287.66;20;9591025715;B
20240213;100019;287.66;10;9591025716;B
20240213;100019;287.65;40;9591025756;S
20240213;100019;287.65;50;9591025757;S
20240213;100019;287.65;10;9591025758;S
20240213;100019;287.64;50;9591025759;S
20240213;100019;287.64;50;9591025780;B
20240213;100019;287.65;20;9591025819;B
20240213;100019;287.65;180;9591025871;B
20240213;100019;287.66;120;9591025872;B
20240213;100019;287.66;460;9591025873;B
20240213;100019;287.66;400;9591025874;B
20240213;100019;287.66;300;9591025875;B
20240213;100019;287.67;10;9591025876;B
20240213;100019;287.67;50;9591025877;B
20240213;100019;287.68;540;9591025878;B
20240213;100019;287.69;10;9591025879;B
20240213;100019;287.69;230;9591025880;B
20240213;100020;287.66;100;9591025913;B
20240213;100020;287.65;10;9591025919;B
20240213;100020;287.65;90;9591025992;B
20240213;100020;287.66;1900;9591025993;B
20240213;100020;287.68;400;9591025994;B
20240213;100020;287.69;310;9591025995;B
20240213;100020;287.69;3000;9591025996;B
20240213;100020;287.7;200;9591025997;B
20240213;100020;287.7;30;9591025998;B
20240213;100020;287.7;80;9591025999;B
20240213;100020;287.7;540;9591026000;B
20240213;100020;287.71;540;9591026001;B
20240213;100020;287.72;540;9591026002;B
20240213;100020;287.73;350;9591026003;B
20240213;100020;287.73;540;9591026004;B
20240213;100020;287.74;540;9591026005;B
20240213;100020;287.74;2000;9591026006;B
20240213;100020;287.75;540;9591026007;B
20240213;100020;287.75;2000;9591026008;B
20240213;100020;287.76;540;9591026009;B
20240213;100020;287.77;10;9591026010;B
20240213;100020;287.77;540;9591026011;B
20240213;100020;287.77;310;9591026012;B
20240213;100020;287.66;540;9591026014;S
20240213;100020;287.65;100;9591026015;S
20240213;100020;287.65;540;9591026016;S
20240213;100020;287.65;400;9591026017;B
20240213;100020;287.65;420;9591026018;B
20240213;100020;287.65;620;9591026019;S
20240213;100020;287.65;1050;9591026020;S
20240213;100020;287.65;10;9591026150;B
20240213;100020;287.65;320;9591026154;B
20240213;100020;287.65;680;9591026155;B
20240213;100021;287.65;1320;9591026174;B
20240213;100021;287.65;240;9591026175;B
20240213;100021;287.65;660;9591026178;B
20240213;100021;287.65;200;9591026179;B
20240213;100021;287.68;90;9591026180;B
20240213;100021;287.68;500;9591026232;B
20240213;100021;287.66;250;9591026233;S
20240213;100021;287.66;100;9591026250;S
20240213;100021;287.68;760;9591026265;B
20240213;100021;287.67;50;9591026266;S
20240213;100022;287.67;50;9591026488;B
20240213;100022;287.67;100;9591026506;B
20240213;100022;287.67;10;9591026507;B
20240213;100022;287.66;100;9591026508;S
20240213;100022;287.66;80;9591026514;B
20240213;100022;287.67;10;9591026520;B
20240213;100023;287.67;10;9591026760;B
20240213;100023;287.67;10;9591026828;B
20240213;100023;287.64;540;9591026888;S
20240213;100023;287.64;10;9591026889;S
20240213;100023;287.63;540;9591026890;S
20240213;100023;287.63;10;9591026891;S
20240213;100023;287.63;900;9591026892;S
20240213;100023;287.67;10;9591026935;B
20240213;100023;287.66;20;9591026964;S
20240213;100023;287.67;20;9591027092;B
20240213;100024;287.67;10;9591027206;B
20240213;100024;287.67;230;9591027225;B
20240213;100024;287.67;400;9591027226;B
20240213;100024;287.67;3000;9591027227;B
20240213;100024;287.68;650;9591027228;B
20240213;100024;287.69;10;9591027229;B
20240213;100024;287.7;50;9591027230;B
20240213;100024;287.7;10;9591027231;B
20240213;100024;287.72;650;9591027232;B
20240213;100024;287.68;300;9591027238;B
20240213;100024;287.68;100;9591027239;S
20240213;100024;287.68;100;9591027240;S
20240213;100024;287.68;100;9591027241;S
20240213;100024;287.68;300;9591027242;S
20240213;100024;287.7;2000;9591027303;B
20240213;100024;287.71;400;9591027304;B
20240213;100024;287.72;1230;9591027305;B
20240213;100024;287.7;10;9591027306;B
20240213;100025;287.7;100;9591027521;B
20240213;100026;287.69;30;9591027694;S
20240213;100027;287.69;130;9591027795;S
20240213;100027;287.68;100;9591027796;S
20240213;100027;287.67;570;9591027797;S
20240213;100027;287.68;350;9591027820;S
20240213;100027;287.67;200;9591027821;S
20240213;100027;287.67;10;9591027914;S
20240213;100028;287.69;10;9591028212;S
20240213;100028;287.7;20;9591028215;B
20240213;100029;287.69;120;9591028542;S
20240213;100029;287.69;2500;9591028575;S
20240213;100030;287.69;400;9591028732;S
20240213;100030;287.7;10;9591028748;B
20240213;100030;287.7;250;9591028750;B
20240213;100030;287.69;200;9591028767;S
20240213;100030;287.69;770;9591028826;S
20240213;100030;287.67;270;9591028827;S
20240213;100030;287.69;400;9591028989;B
20240213;100031;287.69;400;9591029023;B
20240213;100031;287.7;760;9591029024;B
20240213;100031;287.7;90;9591029193;B
20240213;100031;287.7;50;9591029229;B
20240213;100032;287.7;340;9591029274;B
20240213;100032;287.67;10;9591029376;S
20240213;100032;287.69;500;9591029417;B
20240213;100032;287.69;3000;9591029418;B
20240213;100032;287.7;370;9591029419;B
20240213;100032;287.71;400;9591029420;B
20240213;100032;287.72;1120;9591029421;B
20240213;100032;287.72;1560;9591029424;S
20240213;100032;287.7;400;9591029425;B
20240213;100032;287.68;540;9591029426;S
20240213;100032;287.68;1050;9591029427;S
20240213;100032;287.68;400;9591029428;S
20240213;100033;287.67;10;9591029474;S
20240213;100033;287.68;400;9591029475;S
20240213;100033;287.67;30;9591029476;S
20240213;100033;287.67;1570;9591029477;S
20240213;100033;287.67;520;9591029478;S
20240213;100033;287.67;540;9591029479;S
20240213;100033;287.67;560;9591029480;S
20240213;100033;287.67;380;9591029481;S
20240213;100033;287.67;220;9591029501;B
20240213;100033;287.67;300;9591029529;B
20240213;100034;287.67;540;9591029728;S
20240213;100034;287.66;210;9591029729;S
20240213;100034;287.66;360;9591029730;S
20240213;100034;287.66;370;9591029731;S
20240213;100034;287.66;170;9591029732;S
20240213;100034;287.66;400;9591029733;S
20240213;100034;287.63;540;9591029734;S
20240213;100034;287.63;400;9591029735;S
20240213;100034;287.63;1060;9591029736;B
20240213;100034;287.63;2000;9591029737;B
20240213;100034;287.63;2000;9591029738;B
20240213;100034;287.63;400;9591029739;B
20240213;100034;287.64;1430;9591029740;B
20240213;100034;287.67;10;9591029848;S
20240213;100034;287.69;40;9591029888;B
20240213;100034;287.69;360;9591029936;B
20240213;100034;287.69;3000;9591029937;B
20240213;100035;287.69;3500;9591029946;S
20240213;100035;287.69;90;9591029958;S
20240213;100035;287.68;10;9591029990;B
20240213;100035;287.67;20;9591030027;S
20240213;100035;287.67;30;9591030066;S
20240213;100035;287.63;540;9591030067;S
20240213;100035;287.63;1370;9591030094;B
20240213;100035;287.63;400;9591030095;B
20240213;100035;287.63;2000;9591030096;B
20240213;100035;287.63;170;9591030097;B
20240213;100035;287.68;1990;9591030117;B
20240213;100035;287.68;300;9591030118;B
20240213;100035;287.68;3000;9591030119;B
20240213;100035;287.68;1500;9591030120;B
20240213;100035;287.69;400;9591030122;B
20240213;100035;287.69;400;9591030123;B
20240213;100036;287.7;30;9591030190;B
20240213;100036;287.7;30;9591030249;B
20240213;100036;287.7;30;9591030250;B
20240213;100036;287.7;20;9591030324;B
20240213;100037;287.69;20;9591030421;B
20240213;100037;287.68;160;9591030446;S
20240213;100037;287.68;340;9591030447;S
20240213;100037;287.68;200;9591030452;S
20240213;100037;287.68;400;9591030453;S
20240213;100037;287.68;350;9591030454;S
20240213;100037;287.67;9050;9591030455;S
20240213;100038;287.68;400;9591030548;S
20240213;100038;287.67;7010;9591030549;S
20240213;100038;287.67;10;9591030550;S
20240213;100038;287.66;540;9591030551;S
20240213;100038;287.66;2000;9591030552;S
20240213;100038;287.66;2000;9591030553;S
20240213;100038;287.66;50;9591030554;S
20240213;100038;287.65;540;9591030555;S
20240213;100038;287.64;540;9591030556;S
20240213;100038;287.63;540;9591030557;S
20240213;100038;287.63;2000;9591030558;S
20240213;100038;287.63;10;9591030559;S
20240213;100038;287.62;540;9591030560;S
20240213;100038;287.62;50;9591030561;S
20240213;100038;287.61;540;9591030562;S
20240213;100038;287.61;2000;9591030563;S
20240213;100038;287.61;350;9591030564;S
20240213;100038;287.6;540;9591030565;S
20240213;100038;287.6;4990;9591030566;S
20240213;100038;287.6;2620;9591030567;S
20240213;100038;287.6;2000;9591030568;S
20240213;100038;287.57;400;9591030608;B
20240213;100038;287.58;100;9591030609;B
20240213;100038;287.57;140;9591030616;B
20240213;100038;287.57;10;9591030628;B
20240213;100038;287.57;250;9591030696;B
20240213;100038;287.58;380;9591030697;B
20240213;100038;287.6;1740;9591030698;B
20240213;100038;287.59;100;9591030701;B
20240213;100039;287.52;10;9591030779;S
20240213;100039;287.52;10;9591030780;S
20240213;100039;287.52;980;9591030781;S
20240213;100039;287.55;100;9591030877;B
20240213;100039;287.54;30;9591030909;B
20240213;100040;287.52;10;9591031079;S
20240213;100040;287.54;90;9591031119;B
20240213;100040;287.52;70;9591031148;S
20240213;100040;287.52;120;9591031149;S
20240213;100040;287.53;10;9591031183;B
20240213;100040;287.52;10;9591031229;S
20240213;100040;287.52;10;9591031230;S
20240213;100040;287.52;10;9591031286;S
20240213;100040;287.52;30;9591031287;S
20240213;100040;287.52;10;9591031305;S
20240213;100041;287.53;90;9591031314;B
20240213;100041;287.53;400;9591031315;B
20240213;100041;287.53;210;9591031316;B
20240213;100041;287.53;340;9591031322;B
20240213;100041;287.53;710;9591031323;B
20240213;100041;287.52;10;9591031367;S
20240213;100041;287.52;180;9591031390;S
20240213;100041;287.53;1500;9591031419;B
20240213;100041;287.53;60;9591031420;B
20240213;100042;287.53;10;9591031654;S
20240213;100043;287.55;80;9591031819;B
20240213;100043;287.55;10;9591031846;B
20240213;100043;287.55;10;9591031888;B
20240213;100044;287.55;10;9591032054;B
20240213;100044;287.59;90;9591032097;B
20240213;100045;287.59;10;9591032162;B
20240213;100045;287.55;250;9591032250;S
20240213;100046;287.6;180;9591032387;B
20240213;100047;287.6;10;9591032422;B
20240213;100047;287.6;18800;9591032457;B
20240213;100047;287.6;20;9591032458;B
20240213;100047;287.61;250;9591032459;B
20240213;100047;287.62;400;9591032460;B
20240213;100047;287.64;100;9591032461;B
20240213;100047;287.64;540;9591032462;B
20240213;100047;287.64;1040;9591032463;B
20240213;100047;287.65;400;9591032485;S
20240213;100047;287.64;3850;9591032486;S
20240213;100047;287.62;750;9591032487;S
20240213;100047;287.69;50;9591032505;B
20240213;100048;287.61;20;9591032556;S
20240213;100048;287.61;50;9591032557;S
20240213;100048;287.69;10;9591032628;B
20240213;100048;287.69;10;9591032637;B
20240213;100049;287.57;50;9591032832;S
20240213;100049;287.69;40;9591032850;B
20240213;100049;287.69;10;9591032936;B
20240213;100050;287.62;10;9591033058;S
20240213;100051;287.69;140;9591033278;S
20240213;100051;287.69;30;9591033291;S
20240213;100051;287.7;20;9591033349;B
20240213;100051;287.7;10;9591033350;B
20240213;100051;287.7;250;9591033351;B
20240213;100051;287.7;130;9591033427;B
20240213;100051;287.7;100;9591033487;B
20240213;100052;287.7;10;9591033550;B
20240213;100053;287.7;1260;9591033860;B
20240213;100053;287.7;40;9591033861;B
20240213;100053;287.7;100;9591033867;B
20240213;100054;287.7;10;9591033955;B
20240213;100054;287.7;100;9591033997;B
20240213;100054;287.74;540;9591033998;B
20240213;100054;287.75;540;9591033999;B
20240213;100054;287.75;2000;9591034000;B
20240213;100054;287.75;1820;9591034001;B
20240213;100054;287.76;2000;9591034050;B
20240213;100054;287.76;250;9591034051;B
20240213;100054;287.77;540;9591034052;B
20240213;100054;287.78;50;9591034053;B
20240213;100054;287.78;540;9591034054;B
20240213;100054;287.79;10;9591034055;B
20240213;100054;287.79;650;9591034056;B
20240213;100054;287.79;540;9591034057;B
20240213;100054;287.79;400;9591034058;B
20240213;100054;287.8;10;9591034059;B
20240213;100054;287.8;10;9591034060;B
20240213;100054;287.8;10;9591034061;B
20240213;100054;287.8;10;9591034062;B
20240213;100054;287.8;200;9591034063;B
20240213;100054;287.8;10;9591034064;B
20240213;100054;287.8;30;9591034065;B
20240213;100054;287.8;20;9591034066;B
20240213;100054;287.8;540;9591034067;B
20240213;100054;287.81;540;9591034068;B
20240213;100054;287.81;250;9591034069;B
20240213;100054;287.78;10;9591034070;B
20240213;100054;287.78;1000;9591034088;B
20240213;100054;287.7;20;9591034089;S
20240213;100054;287.78;50;9591034096;B
20240213;100055;287.8;10;9591034179;B
20240213;100055;287.8;1190;9591034215;B
20240213;100055;287.8;50;9591034216;B
20240213;100055;287.8;500;9591034217;B
20240213;100055;287.81;500;9591034218;B
20240213;100055;287.82;50;9591034219;B
20240213;100055;287.83;10;9591034220;B
20240213;100055;287.83;170;9591034221;B
20240213;100055;287.83;30;9591034222;B
20240213;100055;287.83;390;9591034223;B
20240213;100055;287.83;100;9591034224;B
20240213;100055;287.83;4000;9591034225;B
20240213;100055;287.83;350;9591034226;B
20240213;100055;287.8;10;9591034253;S
20240213;100055;287.83;100;9591034254;B
20240213;100055;287.8;390;9591034255;S
20240213;100055;287.8;10;9591034262;B
20240213;100056;287.8;10;9591034393;B
20240213;100056;287.79;50;9591034404;S
20240213;100056;287.79;400;9591034405;S
20240213;100056;287.79;50;9591034406;S
20240213;100057;287.8;70;9591034538;B
20240213;100057;287.8;10;9591034539;B
20240213;100057;287.8;1920;9591034540;B
20240213;100057;287.8;80;9591034576;B
20240213;100057;287.8;10;9591034577;B
20240213;100057;287.8;410;9591034578;B
20240213;100057;287.79;20;9591034586;S
20240213;100058;287.8;300;9591034704;B
20240213;100058;287.82;10;9591034705;B
20240213;100058;287.84;10;9591034706;B
20240213;100058;287.84;180;9591034707;B
20240213;100058;287.84;100;9591034712;B
20240213;100058;287.84;10;9591034724;B
20240213;100058;287.84;50;9591034757;B
20240213;100058;287.84;200;9591034811;B
20240213;100058;287.8;400;9591034822;S
20240213;100058;287.79;2450;9591034823;S
20240213;100059;287.79;10;9591034830;S
20240213;100059;287.83;400;9591034877;B
20240213;100059;287.84;600;9591034878;B
20240213;100059;287.84;10;9591034888;B
20240213;100059;287.84;40;9591034891;B
20240213;100059;287.82;20;9591034979;B
20240213;100059;287.82;230;9591035057;B
20240213;100059;287.82;100;9591035058;B
20240213;100059;287.83;80;9591035069;B
20240213;100100;287.83;960;9591035071;B
20240213;100100;287.83;400;9591035072;B
20240213;100100;287.84;810;9591035073;B
20240213;100100;287.85;20;9591035074;B
20240213;100100;287.85;20;9591035075;B
20240213;100100;287.85;1970;9591035076;B
20240213;100100;287.84;50;9591035102;B
20240213;100100;287.83;400;9591035114;B
20240213;100100;287.83;400;9591035115;B
20240213;100100;287.84;300;9591035116;B
20240213;100100;287.83;10;9591035118;B
20240213;100100;287.81;10;9591035249;B
20240213;100100;287.82;10;9591035265;B
20240213;100100;287.82;190;9591035308;B
20240213;100100;287.82;10;9591035309;B
20240213;100101;287.83;400;9591035416;B
20240213;100101;287.83;100;9591035417;B
20240213;100101;287.81;160;9591035449;B
20240213;100101;287.83;10;9591035450;B
20240213;100101;287.83;100;9591035451;B
20240213;100101;287.84;320;9591035452;B
20240213;100101;287.79;80;9591035501;S
20240213;100101;287.83;20;9591035536;B
20240213;100102;287.79;210;9591035689;S
20240213;100103;287.76;10;9591035787;S
20240213;100105;287.79;170;9591036097;B
20240213;100105;287.79;4620;9591036113;B
20240213;100105;287.79;400;9591036114;B
20240213;100105;287.8;390;9591036115;B
20240213;100105;287.8;110;9591036116;B
20240213;100105;287.83;350;9591036117;B
20240213;100105;287.84;540;9591036118;B
20240213;100105;287.84;2000;9591036119;B
20240213;100105;287.85;30;9591036120;B
20240213;100105;287.85;540;9591036121;B
20240213;100105;287.85;1020;9591036122;B
20240213;100105;287.83;10;9591036149;B
20240213;100107;287.82;10;9591036386;B
20240213;100108;287.81;400;9591036522;S
20240213;100108;287.8;390;9591036523;S
20240213;100109;287.79;210;9591036770;B
20240213;100110;287.78;160;9591036975;S
20240213;100111;287.78;340;9591037026;S
20240213;100111;287.77;390;9591037027;S
20240213;100111;287.77;20;9591037028;S
20240213;100111;287.79;190;9591037099;B
20240213;100111;287.79;10;9591037100;B
20240213;100111;287.8;50;9591037101;B
20240213;100112;287.79;350;9591037146;B
20240213;100113;287.79;10;9591037238;S
20240213;100113;287.8;190;9591037240;B
20240213;100113;287.79;520;9591037307;S
20240213;100113;287.78;410;9591037308;S
20240213;100113;287.77;520;9591037309;S
20240213;100113;287.76;540;9591037310;S
20240213;100113;287.76;40;9591037311;S
20240213;100113;287.76;1020;9591037312;S
20240213;100113;287.76;350;9591037313;S
20240213;100113;287.75;540;9591037314;S
20240213;100113;287.75;1000;9591037315;S
20240213;100113;287.74;540;9591037316;S
20240213;100113;287.74;400;9591037317;S
20240213;100113;287.73;540;9591037318;S
20240213;100113;287.72;540;9591037319;S
20240213;100113;287.71;540;9591037320;S
20240213;100113;287.71;40;9591037321;S
20240213;100113;287.71;2000;9591037322;S
20240213;100113;287.7;540;9591037323;S
20240213;100113;287.7;100;9591037324;S
20240213;100113;287.7;500;9591037325;S
20240213;100113;287.7;5000;9591037326;S
20240213;100113;287.69;220;9591037328;S
20240213;100113;287.69;10;9591037329;S
20240213;100113;287.69;350;9591037330;S
20240213;100113;287.67;50;9591037333;S
20240213;100113;287.65;10;9591037334;S
20240213;100113;287.65;360;9591037335;S
20240213;100114;287.65;300;9591037456;S
20240213;100114;287.66;50;9591037465;B
20240213;100115;287.66;10;9591037534;B
20240213;100115;287.66;440;9591037544;B
20240213;100115;287.67;60;9591037545;B
20240213;100116;287.68;500;9591037728;B
20240213;100116;287.68;500;9591037729;B
20240213;100116;287.68;50;9591037730;B
20240213;100116;287.69;440;9591037731;B
20240213;100116;287.69;200;9591037732;B
20240213;100116;287.7;310;9591037733;B
20240213;100117;287.68;540;9591037810;S
20240213;100117;287.68;60;9591037811;S
20240213;100117;287.67;400;9591037812;S
20240213;100117;287.67;140;9591037855;S
20240213;100117;287.67;440;9591037856;S
20240213;100117;287.65;20;9591037857;S
20240213;100117;287.69;100;9591037886;B
20240213;100118;287.69;100;9591037915;B
20240213;100118;287.69;200;9591037927;B
20240213;100118;287.7;2800;9591037928;B
20240213;100118;287.69;10;9591037930;B
20240213;100118;287.69;100;9591037951;B
20240213;100118;287.69;100;9591037965;B
20240213;100118;287.69;100;9591037988;B
20240213;100118;287.69;100;9591038007;B
20240213;100118;287.69;100;9591038125;B
20240213;100119;287.69;100;9591038168;B
20240213;100119;287.69;100;9591038194;B
20240213;100119;287.7;100;9591038222;B
20240213;100119;287.7;100;9591038243;B
20240213;100119;287.7;100;9591038275;B
20240213;100120;287.67;350;9591038291;S
20240213;100120;287.66;450;9591038293;S
20240213;100120;287.65;120;9591038294;S
20240213;100120;287.64;80;9591038296;S
20240213;100120;287.7;10;9591038299;B
20240213;100120;287.69;100;9591038305;B
20240213;100120;287.7;20;9591038334;B
20240213;100120;287.7;100;9591038353;B
20240213;100120;287.7;100;9591038443;B
20240213;100120;287.7;4000;9591038454;B
20240213;100120;287.7;40;9591038461;B
20240213;100120;287.7;100;9591038482;B
20240213;100120;287.7;100;9591038520;B
20240213;100120;287.7;10;9591038522;B
20240213;100121;287.7;100;9591038545;B
20240213;100121;287.7;20;9591038557;B
20240213;100122;287.7;200;9591038675;B
20240213;100122;287.7;300;9591038695;B
20240213;100124;287.7;80;9591038896;B
20240213;100124;287.69;200;9591038952;S
20240213;100124;287.7;10;9591038962;B
20240213;100124;287.69;200;9591038969;S
20240213;100124;287.69;1770;9591038976;S
20240213;100124;287.69;100;9591038977;S
20240213;100124;287.68;130;9591038978;S
20240213;100124;287.67;200;9591038991;S
20240213;100125;287.67;300;9591039011;S
20240213;100125;287.66;200;9591039012;S
20240213;100125;287.66;100;9591039013;S
20240213;100125;287.65;200;9591039036;S
20240213;100125;287.69;10;9591039043;B
20240213;100125;287.69;340;9591039050;B
20240213;100125;287.69;160;9591039051;B
20240213;100125;287.69;40;9591039177;S
20240213;100126;287.69;200;9591039283;S
20240213;100126;287.69;100;9591039316;S
20240213;100127;287.7;10;9591039350;B
20240213;100127;287.7;100;9591039351;B
20240213;100128;287.7;420;9591039554;B
20240213;100128;287.69;750;9591039558;S
20240213;100128;287.68;50;9591039559;S
20240213;100129;287.66;100;9591039680;B
20240213;100129;287.65;100;9591039702;S
20240213;100129;287.66;100;9591039703;B
20240213;100129;287.66;100;9591039724;B
20240213;100130;287.66;100;9591039739;B
20240213;100130;287.65;90;9591039742;S
20240213;100130;287.66;100;9591039768;B
20240213;100130;287.66;100;9591039798;B
20240213;100130;287.66;100;9591039829;B
20240213;100130;287.67;50;9591039844;B
20240213;100130;287.69;50;9591039845;B
20240213;100131;287.69;50;9591039874;B
20240213;100131;287.69;50;9591039875;B
20240213;100131;287.69;100;9591039908;B
20240213;100131;287.69;100;9591039935;B
20240213;100131;287.69;100;9591039953;B
20240213;100131;287.66;160;9591039955;S
20240213;100131;287.65;220;9591039956;S
20240213;100131;287.69;100;9591039979;B
20240213;100132;287.69;100;9591040025;B
20240213;100132;287.65;200;9591040029;S
20240213;100132;287.66;10;9591040048;S
20240213;100132;287.65;190;9591040049;S
20240213;100132;287.69;170;9591040052;B
20240213;100132;287.69;100;9591040053;B
20240213;100132;287.68;100;9591040086;B
20240213;100132;287.69;100;9591040133;B
20240213;100132;287.69;100;9591040147;B
20240213;100133;287.69;100;9591040158;B
20240213;100133;287.65;200;9591040181;S
20240213;100133;287.69;100;9591040187;B
20240213;100133;287.68;100;9591040209;B
20240213;100133;287.66;400;9591040227;S
20240213;100133;287.65;500;9591040229;S
20240213;100133;287.65;200;9591040232;S
20240213;100133;287.68;100;9591040234;B
20240213;100133;287.65;200;9591040267;S
20240213;100133;287.69;100;9591040272;B
20240213;100134;287.69;10;9591040292;B
20240213;100134;287.69;10;9591040301;B
20240213;100134;287.65;200;9591040303;S
20240213;100134;287.69;100;9591040309;B
20240213;100134;287.64;200;9591040334;S
20240213;100134;287.69;60;9591040338;B
20240213;100134;287.69;10;9591040339;B
20240213;100134;287.69;10;9591040340;B
20240213;100134;287.7;20;9591040341;B
20240213;100134;287.64;140;9591040355;S
20240213;100134;287.69;100;9591040370;B
20240213;100134;287.7;500;9591040402;B
20240213;100134;287.7;100;9591040404;B
20240213;100134;287.7;10;9591040407;B
20240213;100134;287.69;100;9591040427;B
20240213;100135;287.64;200;9591040481;S
20240213;100135;287.64;1000;9591040491;S
20240213;100135;287.67;10;9591040499;B
20240213;100135;287.67;290;9591040592;B
20240213;100135;287.69;350;9591040593;B
20240213;100135;287.69;350;9591040594;B
20240213;100135;287.69;1050;9591040595;B
20240213;100135;287.7;1480;9591040596;B
20240213;100136;287.64;200;9591040642;S
20240213;100136;287.64;100;9591040674;S
20240213;100136;287.68;10;9591040721;B
20240213;100136;287.64;1000;9591040736;S
20240213;100137;287.68;190;9591040813;B
20240213;100137;287.68;310;9591040814;B
20240213;100137;287.68;10;9591040821;B
20240213;100137;287.64;100;9591040846;S
20240213;100137;287.68;50;9591040881;B
20240213;100137;287.64;100;9591040906;S
20240213;100137;287.67;10;9591040942;B
20240213;100138;287.67;20;9591040957;B
20240213;100138;287.64;100;9591040991;S
20240213;100138;287.67;70;9591040992;B
20240213;100138;287.68;40;9591040993;B
20240213;100138;287.64;300;9591041008;S
20240213;100138;287.67;10;9591041009;B
20240213;100138;287.64;200;9591041035;S
20240213;100138;287.64;500;9591041051;S
20240213;100138;287.65;200;9591041077;S
20240213;100138;287.66;10;9591041090;B
20240213;100138;287.64;200;9591041116;S
20240213;100139;287.64;200;9591041133;S
20240213;100139;287.66;500;9591041155;B
20240213;100139;287.67;10;9591041162;B
20240213;100139;287.67;480;9591041164;B
20240213;100139;287.68;540;9591041165;B
20240213;100139;287.68;1050;9591041166;B
20240213;100139;287.68;400;9591041167;B
20240213;100139;287.68;350;9591041168;B
20240213;100139;287.68;350;9591041169;B
20240213;100139;287.69;540;9591041170;B
20240213;100139;287.7;6290;9591041171;B
20240213;100139;287.65;200;9591041176;S
20240213;100139;287.65;20;9591041211;S
20240213;100139;287.67;10;9591041224;B
20240213;100139;287.65;140;9591041263;S
20240213;100139;287.64;60;9591041267;S
20240213;100139;287.64;200;9591041289;S
20240213;100140;287.64;120;9591041309;S
20240213;100140;287.64;80;9591041310;S
20240213;100140;287.64;20;9591041330;S
20240213;100140;287.63;100;9591041331;S
20240213;100140;287.62;80;9591041332;S
20240213;100140;287.61;50;9591041384;S
20240213;100140;287.61;50;9591041385;S
20240213;100141;287.61;200;9591041402;S
20240213;100141;287.66;170;9591041494;B
20240213;100141;287.66;880;9591041497;B
20240213;100141;287.66;350;9591041498;B
20240213;100141;287.66;350;9591041499;B
20240213;100141;287.66;400;9591041500;B
20240213;100141;287.67;20;9591041501;B
20240213;100141;287.65;30;9591041522;B
20240213;100142;287.6;100;9591041567;S
20240213;100142;287.6;10;9591041568;S
20240213;100142;287.6;140;9591041569;S
20240213;100142;287.6;2000;9591041570;S
20240213;100142;287.6;10;9591041571;S
20240213;100142;287.6;150;9591041572;S
20240213;100142;287.6;400;9591041573;S
20240213;100142;287.59;10;9591041586;S
20240213;100142;287.55;20;9591041589;S
20240213;100142;287.54;20;9591041590;S
20240213;100142;287.52;60;9591041591;S
20240213;100142;287.52;340;9591041592;S
20240213;100142;287.51;200;9591041593;S
20240213;100142;287.5;10;9591041595;S
20240213;100142;287.5;50;9591041596;S
20240213;100142;287.5;290;9591041597;S
20240213;100142;287.56;20;9591041678;B
20240213;100143;287.56;20;9591041697;B
20240213;100143;287.56;360;9591041710;B
20240213;100143;287.57;350;9591041711;B
20240213;100143;287.57;350;9591041712;B
20240213;100143;287.57;10;9591041713;B
20240213;100143;287.58;1050;9591041714;B
20240213;100143;287.58;540;9591041715;B
20240213;100143;287.59;2000;9591041716;B
20240213;100143;287.59;540;9591041717;B
20240213;100143;287.6;4800;9591041718;B
20240213;100144;287.51;100;9591042006;S
20240213;100145;287.52;190;9591042125;B
20240213;100145;287.57;10;9591042126;B
20240213;100145;287.56;10;9591042199;B
20240213;100145;287.55;100;9591042249;B
20240213;100145;287.57;100;9591042275;B
20240213;100145;287.57;100;9591042319;B
20240213;100146;287.57;100;9591042349;B
20240213;100146;287.57;100;9591042375;B
20240213;100146;287.57;100;9591042404;B
20240213;100146;287.57;100;9591042441;B
20240213;100146;287.57;30;9591042492;B
20240213;100146;287.56;10;9591042493;S
20240213;100146;287.56;20;9591042494;S
20240213;100146;287.51;70;9591042495;S
20240213;100146;287.51;330;9591042496;S
20240213;100146;287.51;100;9591042498;B
20240213;100147;287.51;70;9591042505;S
20240213;100147;287.57;200;9591042528;B
20240213;100147;287.57;100;9591042545;B
20240213;100147;287.57;100;9591042587;B
20240213;100147;287.56;100;9591042656;B
20240213;100147;287.58;2000;9591042744;B
20240213;100147;287.58;1000;9591042745;B
20240213;100147;287.58;100;9591042755;B
20240213;100147;287.58;100;9591042789;B
20240213;100147;287.55;630;9591042790;S
20240213;100147;287.52;370;9591042791;S
20240213;100147;287.58;10;9591042792;B
20240213;100148;287.58;100;9591042841;B
20240213;100148;287.52;400;9591042855;S
20240213;100148;287.52;400;9591042859;S
20240213;100148;287.51;10;9591042860;S
20240213;100148;287.51;190;9591042861;S
20240213;100148;287.57;100;9591042949;B
20240213;100148;287.57;100;9591042999;B
20240213;100148;287.51;30;9591043157;S
20240213;100148;287.56;100;9591043162;B
20240213;100149;287.56;100;9591043194;B
20240213;100149;287.56;100;9591043220;B
20240213;100149;287.56;10;9591043221;B
20240213;100149;287.56;30;9591043224;B
20240213;100149;287.56;100;9591043243;B
20240213;100149;287.58;100;9591043258;B
20240213;100149;287.58;100;9591043280;B
20240213;100150;287.58;100;9591043320;B
20240213;100150;287.56;100;9591043346;B
20240213;100150;287.59;100;9591043383;B
20240213;100150;287.59;70;9591043391;B
20240213;100150;287.55;50;9591043407;S
20240213;100150;287.59;100;9591043412;B
20240213;100150;287.59;100;9591043457;B
20240213;100151;287.59;100;9591043471;B
20240213;100151;287.58;100;9591043498;B
20240213;100151;287.58;100;9591043528;B
20240213;100151;287.55;220;9591043537;S
20240213;100151;287.51;320;9591043538;S
20240213;100151;287.51;350;9591043539;S
20240213;100151;287.51;1050;9591043540;S
20240213;100151;287.51;160;9591043541;S
20240213;100152;287.58;100;9591043596;B
20240213;100152;287.58;100;9591043610;B
20240213;100152;287.57;180;9591043656;S
20240213;100152;287.56;30;9591043658;B
20240213;100152;287.59;70;9591043659;B
20240213;100152;287.58;100;9591043690;B
20240213;100152;287.58;100;9591043716;B
20240213;100153;287.58;100;9591043744;B
20240213;100153;287.58;100;9591043767;B
20240213;100153;287.58;100;9591043784;B
20240213;100153;287.58;100;9591043849;B
20240213;100153;287.58;20;9591043862;B
20240213;100153;287.52;250;9591043880;S
20240213;100154;287.58;170;9591043930;B
20240213;100154;287.52;800;9591043987;S
20240213;100154;287.52;200;9591043988;S
20240213;100156;287.57;500;9591044423;B
20240213;100156;287.53;50;9591044537;S
20240213;100157;287.57;50;9591044604;B
20240213;100158;287.58;150;9591044710;B
20240213;100158;287.58;40;9591044724;B
20240213;100158;287.57;40;9591044764;S
20240213;100158;287.57;20;9591044765;S
20240213;100158;287.53;300;9591044766;S
20240213;100158;287.52;1050;9591044767;S
20240213;100158;287.52;350;9591044768;S
20240213;100158;287.52;5000;9591044769;S
20240213;100158;287.52;540;9591044770;S
20240213;100158;287.51;380;9591044771;S
20240213;100158;287.51;400;9591044772;S
20240213;100158;287.5;210;9591044773;S
20240213;100158;287.5;100;9591044774;S
20240213;100158;287.5;100;9591044775;S
20240213;100158;287.5;10;9591044776;S
20240213;100158;287.5;150;9591044777;S
20240213;100158;287.5;100;9591044778;S
20240213;100158;287.5;1400;9591044779;S
20240213;100158;287.5;250;9591044780;S
20240213;100158;287.5;2140;9591044781;S
20240213;100158;287.5;540;9591044782;S
20240213;100158;287.5;10;9591044783;S
20240213;100158;287.49;400;9591044785;S
20240213;100158;287.47;300;9591044847;S
20240213;100158;287.47;320;9591044849;S
20240213;100158;287.46;340;9591044850;S
20240213;100159;287.46;20;9591044961;S
20240213;100159;287.46;380;9591044962;S
20240213;100159;287.49;120;9591044987;B
20240213;100159;287.49;280;9591045004;B
20240213;100159;287.5;2290;9591045005;B
20240213;100200;287.49;400;9591045099;B
20240213;100200;287.5;600;9591045100;B
20240213;100201;287.49;400;9591045205;B
20240213;100201;287.5;1520;9591045206;B
20240213;100202;287.5;10;9591045612;B
20240213;100204;287.5;10;9591045785;B
20240213;100204;287.5;180;9591045801;B
20240213;100204;287.49;10;9591045817;S
20240213;100204;287.5;50;9591045824;B
20240213;100205;287.5;10;9591045925;B
20240213;100206;287.49;990;9591045986;S
20240213;100206;287.46;10;9591046016;S
20240213;100206;287.44;20;9591046017;S
20240213;100207;287.44;50;9591046110;S
20240213;100207;287.48;400;9591046167;B
20240213;100207;287.49;1160;9591046168;B
20240213;100207;287.49;540;9591046169;B
20240213;100207;287.5;240;9591046170;B
20240213;100207;287.44;50;9591046204;S
20240213;100207;287.44;50;9591046241;S
20240213;100208;287.44;170;9591046414;S
20240213;100208;287.41;10;9591046416;S
20240213;100208;287.41;300;9591046417;S
20240213;100208;287.4;20;9591046418;S
20240213;100209;287.44;50;9591046477;S
20240213;100210;287.4;5720;9591046659;S
20240213;100210;287.4;20;9591046660;S
20240213;100210;287.4;200;9591046661;S
20240213;100210;287.4;3000;9591046662;S
20240213;100210;287.4;10;9591046663;S
20240213;100210;287.4;100;9591046664;S
20240213;100210;287.4;100;9591046665;S
20240213;100210;287.4;10;9591046666;S
20240213;100210;287.4;400;9591046667;S
20240213;100210;287.39;500;9591046668;S
20240213;100210;287.38;40;9591046669;S
20240213;100210;287.38;540;9591046670;S
20240213;100210;287.37;540;9591046671;S
20240213;100210;287.36;10;9591046672;S
20240213;100210;287.36;1420;9591046673;S
20240213;100210;287.36;540;9591046674;S
20240213;100210;287.35;20;9591046675;S
20240213;100210;287.35;2000;9591046676;S
20240213;100210;287.35;540;9591046677;S
20240213;100210;287.34;540;9591046678;S
20240213;100210;287.33;20;9591046679;S
20240213;100210;287.33;2000;9591046680;S
20240213;100210;287.33;40;9591046681;S
20240213;100210;287.33;540;9591046682;S
20240213;100210;287.32;100;9591046683;S
20240213;100210;287.32;2000;9591046684;S
20240213;100210;287.32;540;9591046685;S
20240213;100210;287.32;100;9591046686;S
20240213;100210;287.32;2000;9591046687;S
20240213;100210;287.31;50;9591046688;S
20240213;100210;287.31;150;9591046689;S
20240213;100210;287.31;10;9591046690;S
20240213;100210;287.31;100;9591046691;S
20240213;100210;287.31;10;9591046692;S
20240213;100210;287.31;400;9591046693;S
20240213;100210;287.31;50;9591046694;S
20240213;100210;287.31;540;9591046695;S
20240213;100210;287.31;300;9591046696;S
20240213;100210;287.3;30;9591046697;S
20240213;100210;287.3;250;9591046698;S
20240213;100210;287.3;200;9591046699;S
20240213;100210;287.3;10;9591046700;S
20240213;100210;287.3;10;9591046701;S
20240213;100210;287.3;80;9591046702;S
20240213;100210;287.3;10;9591046703;S
20240213;100210;287.3;10;9591046704;S
20240213;100210;287.3;150;9591046705;S
20240213;100210;287.3;2000;9591046706;S
20240213;100210;287.3;2000;9591046707;S
20240213;100210;287.3;5000;9591046708;S
20240213;100210;287.3;1040;9591046709;S
20240213;100210;287.3;540;9591046710;S
20240213;100210;287.29;1500;9591046711;S
20240213;100210;287.29;2000;9591046712;S
20240213;100210;287.29;40;9591046713;S
20240213;100210;287.29;540;9591046714;S
20240213;100210;287.28;10;9591046715;S
20240213;100210;287.28;20;9591046716;S
20240213;100210;287.28;10;9591046717;S
20240213;100210;287.28;10;9591046718;S
20240213;100210;287.28;100;9591046719;S
20240213;100210;287.28;130;9591046720;S
20240213;100210;287.28;10;9591046721;S
20240213;100210;287.28;10;9591046722;S
20240213;100210;287.28;40;9591046723;S
20240213;100210;287.28;10;9591046724;S
20240213;100210;287.28;10;9591046725;S
20240213;100210;287.28;1000;9591046726;S
20240213;100210;287.28;10;9591046727;S
20240213;100210;287.28;700;9591046728;S
20240213;100210;287.28;400;9591046729;S
20240213;100210;287.28;170;9591046730;S
20240213;100210;287.28;10;9591046731;S
20240213;100210;287.28;70;9591046732;S
20240213;100210;287.28;10;9591046733;S
20240213;100210;287.28;20;9591046734;S
20240213;100210;287.28;10;9591046735;S
20240213;100210;287.28;10;9591046736;S
20240213;100210;287.28;300;9591046737;S
20240213;100210;287.28;160;9591046738;S
20240213;100210;287.28;50;9591046739;S
20240213;100210;287.28;20;9591046740;S
20240213;100210;287.28;10;9591046741;S
20240213;100210;287.28;20;9591046742;S
20240213;100210;287.28;20;9591046743;S
20240213;100210;287.28;10;9591046744;S
20240213;100210;287.28;10;9591046745;S
20240213;100210;287.28;10;9591046746;S
20240213;100210;287.28;30;9591046747;S
20240213;100210;287.28;500;9591046748;S
20240213;100210;287.28;10;9591046749;S
20240213;100210;287.28;10;9591046750;S
20240213;100210;287.28;20;9591046751;S
20240213;100210;287.28;10;9591046752;S
20240213;100210;287.28;210;9591046753;S
20240213;100210;287.28;200;9591046754;S
20240213;100210;287.28;280;9591046755;S
20240213;100210;287.27;130;9591046756;S
20240213;100210;287.27;10;9591046757;S
20240213;100210;287.27;690;9591046758;S
20240213;100210;287.27;40;9591046759;S
20240213;100210;287.27;10;9591046760;S
20240213;100210;287.27;20;9591046761;S
20240213;100210;287.27;20;9591046762;S
20240213;100210;287.27;20;9591046763;S
20240213;100210;287.27;10;9591046764;S
20240213;100210;287.27;30;9591046765;S
20240213;100210;287.27;60;9591046766;S
20240213;100210;287.27;10;9591046767;S
20240213;100210;287.27;1040;9591046768;S
20240213;100210;287.27;40;9591046769;S
20240213;100210;287.27;10;9591046770;S
20240213;100210;287.27;10;9591046771;S
20240213;100210;287.27;180;9591046772;S
20240213;100210;287.27;50;9591046773;S
20240213;100210;287.27;250;9591046774;S
20240213;100210;287.27;6000;9591046775;S
20240213;100210;287.26;1000;9591046776;S
20240213;100210;287.25;100;9591046777;S
20240213;100210;287.25;800;9591046778;S
20240213;100210;287.25;450;9591046779;S
20240213;100210;287.25;2000;9591046780;S
20240213;100210;287.25;260;9591046781;S
20240213;100210;287.25;10;9591046805;S
20240213;100210;287.28;10;9591046819;B
20240213;100210;287.28;390;9591046823;B
20240213;100210;287.28;350;9591046824;B
20240213;100210;287.28;350;9591046825;B
20240213;100210;287.28;210;9591046826;B
20240213;100211;287.24;270;9591046902;S
20240213;100211;287.23;10;9591046903;S
20240213;100211;287.21;20;9591046904;S
20240213;100211;287.21;1000;9591046905;S
20240213;100212;287.23;20;9591047022;B
20240213;100213;287.21;100;9591047175;S
20240213;100213;287.23;500;9591047221;B
20240213;100213;287.23;100;9591047225;B
20240213;100213;287.23;20;9591047226;B
20240213;100213;287.21;1000;9591047245;S
20240213;100214;287.24;20;9591047390;B
20240213;100214;287.24;200;9591047510;B
20240213;100215;287.23;400;9591047624;S
20240213;100215;287.23;180;9591047625;S
20240213;100215;287.21;1880;9591047627;S
20240213;100215;287.21;120;9591047628;S
20240213;100215;287.21;180;9591047632;S
20240213;100215;287.2;10;9591047633;S
20240213;100215;287.2;10;9591047634;S
20240213;100215;287.2;20;9591047635;S
20240213;100215;287.2;10;9591047636;S
20240213;100215;287.2;500;9591047637;S
20240213;100215;287.2;10;9591047638;S
20240213;100215;287.2;260;9591047639;S
20240213;100215;287.23;10;9591047642;B
20240213;100215;287.23;10;9591047648;B
20240213;100215;287.2;600;9591047661;S
20240213;100216;287.21;10;9591047954;B
20240213;100217;287.21;40;9591048128;B
20240213;100217;287.21;10;9591048129;B
20240213;100217;287.21;10;9591048130;B
20240213;100218;287.21;260;9591048185;B
20240213;100218;287.23;230;9591048186;B
20240213;100218;287.21;40;9591048246;S
20240213;100219;287.21;360;9591048293;S
20240213;100219;287.21;350;9591048294;S
20240213;100219;287.2;140;9591048295;S
20240213;100219;287.2;2000;9591048296;S
20240213;100219;287.2;150;9591048297;S
20240213;100219;287.19;40;9591048298;S
20240213;100219;287.19;10;9591048299;S
20240213;100219;287.2;400;9591048300;S
20240213;100219;287.2;770;9591048301;S
20240213;100219;287.24;10;9591048328;B
20240213;100219;287.24;20;9591048360;B
20240213;100219;287.22;400;9591048378;S
20240213;100219;287.22;100;9591048379;S
20240213;100220;287.23;310;9591048419;S
20240213;100220;287.24;2170;9591048457;S
20240213;100220;287.24;1050;9591048517;S
20240213;100221;287.24;1780;9591048593;S
20240213;100221;287.23;2000;9591048594;S
20240213;100221;287.22;2000;9591048595;S
20240213;100221;287.22;400;9591048596;S
20240213;100221;287.21;10;9591048597;S
20240213;100221;287.2;10;9591048598;S
20240213;100221;287.19;10;9591048599;S
20240213;100221;287.19;50;9591048600;S
20240213;100221;287.19;2000;9591048601;S
20240213;100221;287.17;1740;9591048602;S
20240213;100221;287.14;80;9591048652;S
20240213;100221;287.14;30;9591048723;S
20240213;100221;287.14;970;9591048724;S
20240213;100222;287.14;400;9591048875;S
20240213;100222;287.14;1000;9591049006;S
20240213;100222;287.14;200;9591049013;S
20240213;100222;287.14;300;9591049014;S
20240213;100222;287.16;400;9591049019;B
20240213;100222;287.16;120;9591049020;B
20240213;100223;287.15;30;9591049066;B
20240213;100223;287.14;200;9591049083;S
20240213;100223;287.14;100;9591049103;S
20240213;100223;287.14;200;9591049120;S
20240213;100223;287.14;150;9591049143;S
20240213;100223;287.14;400;9591049154;S
20240213;100223;287.14;1080;9591049156;S
20240213;100223;287.14;3910;9591049157;S
20240213;100223;287.14;10;9591049158;S
20240213;100223;287.14;330;9591049162;S
20240213;100223;287.14;300;9591049167;S
20240213;100224;287.14;60;9591049188;S
20240213;100224;287.14;360;9591049197;S
20240213;100224;287.14;50;9591049209;S
20240213;100224;287.14;100;9591049210;S
20240213;100224;287.14;800;9591049269;S
20240213;100224;287.14;100;9591049270;S
20240213;100224;287.14;1000;9591049271;S
20240213;100225;287.15;300;9591049335;B
20240213;100225;287.13;30;9591049336;B
20240213;100225;287.13;30;9591049341;B
20240213;100225;287.12;100;9591049370;S
20240213;100225;287.1;10;9591049371;S
20240213;100225;287.1;10;9591049412;S
20240213;100225;287.1;1000;9591049413;S
20240213;100225;287.09;13990;9591049414;S
20240213;100225;287.09;690;9591049415;S
20240213;100225;287.09;110;9591049416;S
20240213;100225;287.09;10;9591049437;S
20240213;100225;287.09;400;9591049447;S
20240213;100226;287.11;20;9591049499;B
20240213;100226;287.09;10;9591049503;S
20240213;100226;287.09;350;9591049516;S
20240213;100226;287.11;10;9591049536;B
20240213;100226;287.09;10;9591049538;S
20240213;100226;287.1;30;9591049588;B
20240213;100227;287.1;30;9591049595;B
20240213;100227;287.11;170;9591049596;B
20240213;100227;287.09;800;9591049624;S
20240213;100227;287.09;250;9591049653;S
20240213;100227;287.09;1000;9591049673;S
20240213;100227;287.1;60;9591049692;B
20240213;100228;287.1;30;9591049713;B
20240213;100228;287.09;20;9591049732;S
20240213;100229;287.09;2000;9591049821;S
20240213;100229;287.09;620;9591049845;S
20240213;100229;287.09;10;9591049869;B
20240213;100230;287.06;50;9591050007;S
20240213;100230;287.06;20;9591050017;S
20240213;100230;287.06;30;9591050027;S
20240213;100230;287.08;10;9591050038;S
20240213;100230;287.05;500;9591050039;S
20240213;100230;287.05;40;9591050040;S
20240213;100231;287.05;40;9591050159;S
20240213;100231;287.09;10;9591050174;B
20240213;100231;287.05;490;9591050186;S
20240213;100231;287.05;430;9591050192;S
20240213;100231;287.05;340;9591050193;S
20240213;100232;287.07;10;9591050230;B
20240213;100232;287.05;400;9591050267;S
20240213;100232;287.04;100;9591050268;S
20240213;100232;287.05;10;9591050296;S
20240213;100232;287.05;80;9591050312;S
20240213;100233;287.05;10;9591050420;S
20240213;100233;287.06;10;9591050438;B
20240213;100233;287.07;350;9591050439;B
20240213;100233;287.05;300;9591050440;S
20240213;100233;287.05;10;9591050441;S
20240213;100233;287.04;100;9591050442;S
20240213;100233;287.04;10;9591050443;S
20240213;100233;287.04;580;9591050444;S
20240213;100233;287.05;400;9591050473;S
20240213;100233;287.04;14600;9591050474;S
20240213;100233;287.07;20;9591050477;B
20240213;100233;287.08;10;9591050478;B
20240213;100233;287.08;2000;9591050759;S
20240213;100234;287.08;200;9591050884;S
20240213;100234;287.08;520;9591050919;S
20240213;100234;287.06;480;9591050920;S
20240213;100234;287.06;4040;9591050953;S
20240213;100234;287.06;580;9591050954;B
20240213;100234;287.04;80;9591050967;S
20240213;100235;287.04;150;9591051008;S
20240213;100235;287.04;600;9591051095;S
20240213;100235;287.04;100;9591051096;S
20240213;100235;287.05;100;9591051100;B
20240213;100235;287.05;10;9591051111;B
20240213;100235;287.05;10;9591051128;B
20240213;100236;287.04;3930;9591051143;S
20240213;100236;287.05;930;9591051155;B
20240213;100236;287.05;350;9591051156;B
20240213;100236;287.05;400;9591051157;B
20240213;100236;287.06;150;9591051233;B
20240213;100236;287.06;150;9591051238;B
20240213;100236;287.06;150;9591051282;B
20240213;100236;287.06;150;9591051299;B
20240213;100236;287.06;150;9591051320;B
20240213;100236;287.06;150;9591051333;B
20240213;100236;287.06;50;9591051347;B
20240213;100238;287.06;110;9591051617;B
20240213;100238;287.06;10;9591051674;B
20240213;100239;287.06;100;9591051757;B
20240213;100239;287.06;150;9591051823;B
20240213;100239;287.06;150;9591051825;B
20240213;100239;287.05;50;9591051832;S
20240213;100240;287.05;100;9591051874;S
20240213;100240;287.06;4060;9591051936;B
20240213;100240;287.06;120;9591051937;B
20240213;100240;287.06;10;9591051938;B
20240213;100240;287.09;660;9591051939;B
20240213;100240;287.09;5000;9591051940;B
20240213;100240;287.1;50;9591051941;B
20240213;100241;287.11;400;9591052107;S
20240213;100241;287.1;100;9591052108;S
20240213;100241;287.1;860;9591052109;S
20240213;100241;287.11;350;9591052160;S
20240213;100241;287.11;20;9591052169;S
20240213;100242;287.12;30;9591052282;B
20240213;100242;287.12;80;9591052301;B
20240213;100242;287.12;10;9591052310;B
20240213;100242;287.11;100;9591052325;S
20240213;100242;287.12;80;9591052340;B
20240213;100244;287.11;280;9591052610;S
20240213;100244;287.11;890;9591052611;S
20240213;100244;287.12;10;9591052650;B
20240213;100244;287.12;150;9591052718;B
20240213;100244;287.11;250;9591052726;S
20240213;100245;287.12;60;9591052784;B
20240213;100245;287.11;100;9591052799;S
20240213;100245;287.11;570;9591052850;S
20240213;100245;287.11;130;9591052851;S
20240213;100246;287.11;500;9591052912;S
20240213;100246;287.12;50;9591052950;B
20240213;100246;287.11;20;9591052960;S
20240213;100247;287.11;10;9591053069;S
20240213;100247;287.12;30;9591053105;B
20240213;100247;287.13;10;9591053106;B
20240213;100248;287.13;10;9591053307;B
20240213;100249;287.12;430;9591053394;S
20240213;100249;287.13;10;9591053405;B
20240213;100250;287.12;620;9591053506;S
20240213;100250;287.12;400;9591053507;S
20240213;100250;287.12;350;9591053508;S
20240213;100250;287.12;350;9591053509;S
20240213;100250;287.12;200;9591053510;S
20240213;100250;287.11;200;9591053511;S
20240213;100250;287.1;540;9591053512;S
20240213;100250;287.09;540;9591053513;S
20240213;100250;287.08;100;9591053514;S
20240213;100251;287.1;20;9591053778;S
20240213;100251;287.1;10;9591053780;S
20240213;100252;287.11;50;9591054045;B
20240213;100253;287.13;10;9591054118;B
20240213;100253;287.13;60;9591054154;B
20240213;100253;287.16;240;9591054155;B
20240213;100253;287.17;10;9591054176;B
20240213;100253;287.17;10;9591054178;B
20240213;100254;287.17;50;9591054213;B
20240213;100254;287.17;20;9591054218;B
20240213;100254;287.2;20;9591054272;B
20240213;100256;287.14;400;9591054443;S
20240213;100256;287.13;300;9591054444;S
20240213;100256;287.15;10;9591054455;S
20240213;100256;287.15;50;9591054456;S
20240213;100256;287.2;10;9591054475;B
20240213;100258;287.2;10;9591054725;B
20240213;100259;287.14;400;9591054740;S
20240213;100259;287.15;130;9591054826;S
20240213;100259;287.15;280;9591054827;S
20240213;100300;287.14;10;9591055015;S
20240213;100300;287.13;30;9591055016;S
20240213;100301;287.14;10;9591055781;B
20240213;100301;287.13;200;9591055864;S
20240213;100301;287.14;10;9591055890;B
20240213;100303;287.13;10;9591056741;S
20240213;100303;287.12;500;9591056766;S
20240213;100303;287.12;10;9591056952;S
20240213;100303;287.12;1170;9591057384;S
20240213;100304;287.14;380;9591057884;B
20240213;100304;287.15;100;9591057885;B
20240213;100304;287.16;220;9591057886;B
20240213;100304;287.13;50;9591058261;S
20240213;100304;287.12;450;9591058262;S
20240213;100305;287.13;10;9591058469;B
20240213;100305;287.12;10;9591058568;S
20240213;100305;287.12;370;9591058777;S
20240213;100305;287.12;50;9591058778;S
20240213;100305;287.12;650;9591058779;S
20240213;100305;287.13;540;9591058830;B
20240213;100305;287.13;50;9591058944;S
20240213;100306;287.13;500;9591059023;S
20240213;100306;287.13;540;9591059118;S
20240213;100306;287.13;500;9591059141;S
20240213;100306;287.13;1870;9591059237;S
20240213;100306;287.12;460;9591059238;S
20240213;100307;287.14;50;9591059311;B
20240213;100307;287.12;770;9591059329;S
20240213;100307;287.12;750;9591059330;S
20240213;100307;287.12;500;9591059422;S
20240213;100307;287.12;100;9591059542;S
20240213;100308;287.14;350;9591059650;B
20240213;100308;287.14;30;9591059651;B
20240213;100309;287.13;200;9591059995;S
20240213;100309;287.12;500;9591059996;S
20240213;100309;287.12;390;9591060129;S
20240213;100309;287.12;10;9591060130;S
20240213;100310;287.12;1100;9591060163;S
20240213;100310;287.12;500;9591060241;S
20240213;100310;287.12;50;9591060254;S
20240213;100311;287.14;80;9591060326;B
20240213;100311;287.12;1730;9591060327;S
20240213;100311;287.12;10;9591060328;S
20240213;100311;287.14;430;9591060522;B
20240213;100311;287.14;400;9591060523;B
20240213;100311;287.15;1050;9591060524;B
20240213;100311;287.15;120;9591060525;B
20240213;100311;287.14;400;9591060571;B
20240213;100311;287.14;10;9591060584;B
20240213;100312;287.13;400;9591060599;S
20240213;100312;287.13;100;9591060735;S
20240213;100312;287.13;20;9591060839;S
20240213;100313;287.14;100;9591060894;B
20240213;100313;287.14;300;9591060895;B
20240213;100313;287.13;230;9591060962;S
20240213;100313;287.13;10;9591060963;S
20240213;100313;287.12;60;9591060964;S
20240213;100313;287.12;10;9591061037;S
20240213;100314;287.14;80;9591061073;S
20240213;100314;287.13;50;9591061113;B
20240213;100314;287.13;490;9591061155;B
20240213;100314;287.13;200;9591061156;B
20240213;100314;287.14;20;9591061157;B
20240213;100314;287.14;540;9591061158;B
20240213;100314;287.14;400;9591061159;B
20240213;100314;287.15;540;9591061160;B
20240213;100314;287.16;410;9591061161;B
20240213;100315;287.12;100;9591061182;S
20240213;100316;287.14;200;9591061376;B
20240213;100316;287.14;100;9591061393;S
20240213;100316;287.14;330;9591061417;S
20240213;100316;287.13;110;9591061456;S
20240213;100316;287.13;10;9591061457;S
20240213;100316;287.13;170;9591061458;S
20240213;100316;287.13;230;9591061467;S
20240213;100316;287.12;10;9591061519;S
20240213;100317;287.12;200;9591061549;S
20240213;100317;287.12;200;9591061550;S
20240213;100317;287.12;1190;9591061581;S
20240213;100318;287.12;300;9591061643;S
20240213;100318;287.12;200;9591061648;S
20240213;100318;287.12;400;9591061650;S
20240213;100318;287.13;50;9591061668;B
20240213;100319;287.12;500;9591061776;S
20240213;100319;287.12;70;9591061864;S
20240213;100319;287.12;500;9591061880;S
20240213;100319;287.12;120;9591061886;S
20240213;100319;287.12;450;9591061887;S
20240213;100319;287.12;320;9591061923;S
20240213;100320;287.12;80;9591061948;S
20240213;100320;287.12;220;9591061949;S
20240213;100320;287.12;300;9591061964;S
20240213;100320;287.12;100;9591061975;S
20240213;100320;287.13;20;9591062007;B
20240213;100321;287.12;500;9591062061;S
20240213;100321;287.12;100;9591062069;S
20240213;100321;287.12;100;9591062117;S
20240213;100322;287.13;200;9591062176;B
20240213;100322;287.13;200;9591062177;B
20240213;100322;287.12;100;9591062190;S
20240213;100322;287.13;100;9591062194;B
20240213;100322;287.12;500;9591062202;S
20240213;100322;287.13;400;9591062265;S
20240213;100322;287.12;200;9591062266;S
20240213;100322;287.12;400;9591062267;S
20240213;100323;287.12;680;9591062394;S
20240213;100323;287.12;300;9591062405;S
20240213;100324;287.12;200;9591062443;S
20240213;100324;287.14;70;9591062448;B
20240213;100324;287.14;540;9591062481;B
20240213;100324;287.15;140;9591062482;B
20240213;100324;287.13;70;9591062580;S
20240213;100324;287.12;1090;9591062581;S
20240213;100324;287.14;1720;9591062631;S
20240213;100324;287.13;680;9591062632;S
20240213;100324;287.13;10;9591062633;S
20240213;100324;287.12;590;9591062634;S
20240213;100325;287.12;400;9591062816;S
20240213;100326;287.12;200;9591062982;S
20240213;100326;287.14;500;9591063043;B
20240213;100326;287.15;250;9591063044;B
20240213;100327;287.14;50;9591063142;S
20240213;100327;287.13;450;9591063143;S
20240213;100328;287.16;130;9591063348;B
20240213;100328;287.16;350;9591063349;B
20240213;100328;287.16;120;9591063350;B
20240213;100328;287.13;300;9591063421;S
20240213;100328;287.15;400;9591063445;B
20240213;100328;287.16;230;9591063446;B
20240213;100328;287.16;1050;9591063447;B
20240213;100328;287.16;10;9591063448;B
20240213;100328;287.15;100;9591063455;B
20240213;100328;287.16;160;9591063503;B
20240213;100329;287.14;480;9591063538;S
20240213;100329;287.15;10;9591063606;B
20240213;100329;287.15;490;9591063636;B
20240213;100329;287.16;370;9591063637;B
20240213;100329;287.17;1000;9591063638;B
20240213;100329;287.17;540;9591063639;B
20240213;100329;287.17;500;9591063643;S
20240213;100329;287.18;10;9591063644;B
20240213;100330;287.17;100;9591063663;S
20240213;100330;287.15;400;9591063664;S
20240213;100330;287.17;360;9591063691;S
20240213;100330;287.16;2000;9591063693;S
20240213;100330;287.16;230;9591063694;S
20240213;100330;287.14;2000;9591063695;S
20240213;100330;287.14;920;9591063696;S
20240213;100330;287.12;80;9591063697;S
20240213;100330;287.12;1060;9591063698;S
20240213;100330;287.12;140;9591063699;S
20240213;100330;287.12;10;9591063700;S
20240213;100330;287.12;10;9591063701;S
20240213;100330;287.12;400;9591063702;S
20240213;100330;287.12;20;9591063703;S
20240213;100330;287.12;2000;9591063704;S
20240213;100330;287.12;2000;9591063705;S
20240213;100330;287.12;2000;9591063706;S
20240213;100330;287.12;200;9591063744;S
20240213;100331;287.13;50;9591063802;B
20240213;100331;287.12;500;9591063833;S
20240213;100331;287.12;580;9591063860;S
20240213;100331;287.12;40;9591063861;S
20240213;100331;287.12;180;9591063862;S
20240213;100331;287.12;580;9591063863;S
20240213;100331;287.12;500;9591063885;S
20240213;100331;287.12;450;9591063891;S
20240213;100331;287.13;350;9591063916;B
20240213;100331;287.13;80;9591063917;B
20240213;100332;287.12;470;9591064043;S
20240213;100332;287.12;30;9591064044;S
20240213;100332;287.12;300;9591064065;S
20240213;100333;287.12;110;9591064119;S
20240213;100333;287.12;390;9591064120;S
20240213;100333;287.12;500;9591064194;S
20240213;100333;287.13;60;9591064197;B
20240213;100334;287.13;2940;9591064296;B
20240213;100334;287.13;1050;9591064297;B
20240213;100334;287.13;350;9591064298;B
20240213;100334;287.13;400;9591064299;B
20240213;100334;287.13;260;9591064300;B
20240213;100334;287.12;110;9591064301;S
20240213;100334;287.12;390;9591064302;S
20240213;100334;287.12;330;9591064322;S
20240213;100334;287.12;170;9591064323;S
20240213;100335;287.12;230;9591064351;S
20240213;100335;287.12;1100;9591064352;S
20240213;100336;287.11;10;9591064482;S
20240213;100336;287.11;10;9591064483;S
20240213;100336;287.11;480;9591064484;S
20240213;100337;287.12;170;9591064717;B
20240213;100337;287.12;110;9591064718;B
20240213;100337;287.12;10;9591064731;B
20240213;100337;287.11;20;9591064818;S
20240213;100337;287.11;150;9591064819;S
20240213;100337;287.11;20;9591064820;S
20240213;100337;287.1;10;9591064821;S
20240213;100339;287.11;10;9591065183;B
20240213;100340;287.11;400;9591065246;B
20240213;100340;287.1;150;9591065248;S
20240213;100340;287.1;500;9591065249;S
20240213;100340;287.1;10;9591065250;S
20240213;100340;287.1;100;9591065251;S
20240213;100340;287.1;620;9591065252;S
20240213;100340;287.1;1630;9591065253;S
20240213;100340;287.1;610;9591065254;S
20240213;100340;287.11;10;9591065296;B
20240213;100341;287.11;630;9591065375;B
20240213;100341;287.11;370;9591065376;B
20240213;100343;287.1;2500;9591065621;S
20240213;100343;287.1;6890;9591065708;S
20240213;100343;287.1;340;9591065709;S
20240213;100343;287.1;50;9591065710;S
20240213;100343;287.1;30;9591065711;S
20240213;100343;287.1;690;9591065712;S
20240213;100343;287.1;690;9591065713;S
20240213;100343;287.09;310;9591065714;S
20240213;100343;287.09;250;9591065718;B
20240213;100343;287.09;10;9591065727;B
20240213;100344;287.07;100;9591065735;S
20240213;100344;287.07;10;9591065736;S
20240213;100344;287.06;800;9591065737;S
20240213;100344;287.06;250;9591065738;S
20240213;100344;287.06;20;9591065739;S
20240213;100344;287.06;10;9591065740;S
20240213;100344;287.06;10;9591065741;S
20240213;100344;287.05;1170;9591065742;S
20240213;100344;287.05;4630;9591065743;S
20240213;100344;287.09;240;9591065758;B
20240213;100344;287.09;160;9591065759;B
20240213;100344;287.09;50;9591065801;S
20240213;100344;287.09;50;9591065813;S
20240213;100344;287.05;1170;9591065815;S
20240213;100345;287.05;20;9591065843;S
20240213;100345;287.05;50;9591065844;S
20240213;100345;287.05;130;9591065845;S
20240213;100345;287.07;350;9591066041;B
20240213;100346;287.07;50;9591066088;B
20240213;100347;287.07;10;9591066144;B
20240213;100347;287.07;10;9591066149;B
20240213;100347;287.06;60;9591066194;S
20240213;100347;287.05;240;9591066195;S
20240213;100348;287.06;10;9591066267;B
20240213;100348;287.05;510;9591066268;S
20240213;100348;287.05;10;9591066319;S
20240213;100349;287.06;10;9591066449;B
20240213;100350;287.05;100;9591066490;S
20240213;100351;287.06;10;9591066574;B
20240213;100352;287.06;20;9591066699;B
20240213;100352;287.06;10;9591066700;B
20240213;100352;287.06;190;9591066704;B
20240213;100352;287.06;100;9591066712;B
20240213;100353;287.05;40;9591066846;S
20240213;100353;287.06;100;9591066860;B
20240213;100354;287.05;220;9591066901;S
20240213;100354;287.05;130;9591066902;S
20240213;100354;287.05;30;9591066932;S
20240213;100354;287.06;520;9591066964;B
20240213;100354;287.05;10;9591066977;S
20240213;100355;287.05;330;9591067024;S
20240213;100355;287.05;10;9591067025;S
20240213;100355;287.05;1810;9591067026;S
20240213;100355;287.05;30;9591067027;S
20240213;100355;287.05;400;9591067028;S
20240213;100355;287.05;270;9591067029;S
20240213;100355;287.05;400;9591067030;S
20240213;100355;287.04;10;9591067031;S
20240213;100355;287.04;540;9591067032;S
20240213;100355;287.04;10;9591067033;S
20240213;100355;287.04;500;9591067034;S
20240213;100355;287.03;1190;9591067035;S
20240213;100355;287.04;200;9591067038;S
20240213;100355;287.06;80;9591067048;B
20240213;100355;287.07;220;9591067049;B
20240213;100356;287.04;200;9591067162;S
20240213;100356;287.03;810;9591067163;S
20240213;100356;287.03;90;9591067164;S
20240213;100356;287.07;10;9591067177;B
20240213;100356;287.04;400;9591067183;S
20240213;100356;287.03;200;9591067184;S
20240213;100357;287.06;10;9591067248;B
20240213;100357;287.04;400;9591067257;S
20240213;100357;287.03;2580;9591067258;S
20240213;100357;287.03;1740;9591067259;S
20240213;100357;287.03;540;9591067260;S
20240213;100357;287.03;100;9591067261;S
20240213;100357;287.02;540;9591067262;S
20240213;100357;287.01;500;9591067263;S
20240213;100357;287.01;6080;9591067264;S
20240213;100357;287.01;400;9591067265;S
20240213;100357;287.01;100;9591067266;S
20240213;100357;287.01;10;9591067267;S
20240213;100357;287.01;10;9591067268;S
20240213;100357;287.01;10;9591067269;S
20240213;100357;287.01;200;9591067270;S
20240213;100357;287.01;540;9591067271;S
20240213;100357;287.01;10;9591067272;S
20240213;100357;287.01;10;9591067273;S
20240213;100357;287.01;500;9591067274;S
20240213;100357;287.01;300;9591067275;S
20240213;100357;287.01;30;9591067276;S
20240213;100357;287.01;400;9591067277;S
20240213;100357;287.02;40;9591067285;S
20240213;100357;287.02;360;9591067346;S
20240213;100357;287.01;920;9591067347;S
20240213;100357;287.01;60;9591067348;S
20240213;100357;287.01;480;9591067349;S
20240213;100357;287.01;250;9591067350;S
20240213;100357;287.01;1570;9591067351;S
20240213;100357;287.02;80;9591067381;S
20240213;100358;287.02;320;9591067474;S
20240213;100358;287.01;50;9591067475;S
20240213;100400;287.02;20;9591067854;S
20240213;100400;287.04;10;9591067931;B
20240213;100400;287.04;10;9591067963;B
20240213;100400;287.06;10;9591067964;B
20240213;100401;287.02;100;9591068145;S
20240213;100401;287.01;2850;9591068146;S
20240213;100401;287.01;10;9591068147;S
20240213;100401;287.01;3440;9591068155;S
20240213;100402;287.02;500;9591068424;S
20240213;100402;287.01;2500;9591068425;S
20240213;100403;287.01;20;9591068466;S
20240213;100403;287.01;800;9591068479;S
20240213;100403;287.01;20;9591068480;S
20240213;100403;287.01;450;9591068531;S
20240213;100403;287.01;800;9591068541;S
20240213;100403;287.01;10;9591068549;S
20240213;100403;287.01;15000;9591068611;S
20240213;100403;287.01;200;9591068643;S
20240213;100404;287.01;500;9591068672;S
20240213;100404;287.01;1100;9591068697;S
20240213;100404;287.01;3500;9591068699;S
20240213;100404;287.01;2950;9591068700;S
20240213;100404;287.02;10;9591068734;B
20240213;100405;287.01;500;9591068775;S
20240213;100405;287.01;100;9591068799;S
20240213;100405;287.01;500;9591068827;S
20240213;100405;287.01;1170;9591068831;S
20240213;100406;287.02;400;9591068940;B
20240213;100406;287.01;500;9591068959;S
20240213;100406;287.01;14220;9591069047;S
20240213;100406;287.01;70;9591069048;S
20240213;100406;287;10;9591069049;S
20240213;100406;287;100;9591069050;S
20240213;100406;287;100;9591069051;S
20240213;100406;287;10;9591069052;S
20240213;100406;287;10;9591069053;S
20240213;100406;287;120;9591069054;S
20240213;100406;287;10;9591069055;S
20240213;100406;287;600;9591069056;S
20240213;100406;287;10;9591069057;S
20240213;100406;287;4000;9591069058;S
20240213;100406;287;1000;9591069059;S
20240213;100406;287;30;9591069060;S
20240213;100406;287;1000;9591069061;S
20240213;100406;287;170;9591069062;S
20240213;100406;287;100;9591069063;S
20240213;100406;287;10;9591069064;S
20240213;100406;287;40;9591069065;S
20240213;100406;287;200;9591069066;S
20240213;100406;287;10;9591069067;S
20240213;100406;287;900;9591069068;S
20240213;100406;287;1000;9591069069;S
20240213;100406;287;1000;9591069070;S
20240213;100406;287;200;9591069071;S
20240213;100406;287;10000;9591069072;S
20240213;100406;287;70;9591069073;S
20240213;100406;287;50;9591069074;S
20240213;100406;287;1000;9591069075;S
20240213;100406;287;20;9591069076;S
20240213;100406;287;500;9591069077;S
20240213;100406;287;100;9591069078;S
20240213;100406;287;60;9591069079;S
20240213;100406;287;10;9591069080;S
20240213;100406;287;1210;9591069081;S
20240213;100406;287;20;9591069082;S
20240213;100406;287;100;9591069083;S
20240213;100406;287;4330;9591069084;S
20240213;100406;287;20;9591069086;S
20240213;100406;287;150;9591069087;S
20240213;100406;287;200;9591069088;S
20240213;100407;287;100;9591069090;S
20240213;100407;287;500;9591069098;S
20240213;100407;287;30;9591069100;S
20240213;100407;287;240;9591069127;S
20240213;100407;287;420;9591069129;S
20240213;100407;287;1350;9591069130;S
20240213;100407;287;7660;9591069131;S
20240213;100407;287;1310;9591069132;S
20240213;100407;287;4500;9591069133;S
20240213;100407;287;1040;9591069134;S
20240213;100407;287;30;9591069135;S
20240213;100407;287;1000;9591069136;S
20240213;100407;287;10;9591069137;S
20240213;100407;287;460;9591069138;S
20240213;100407;287;100;9591069139;S
20240213;100407;287;100;9591069140;S
20240213;100407;287;1000;9591069141;S
20240213;100407;287;10;9591069142;S
20240213;100407;287;200;9591069143;S
20240213;100407;287;70;9591069144;S
20240213;100407;287;60;9591069145;S
20240213;100407;287;80;9591069146;S
20240213;100407;287;30;9591069147;S
20240213;100407;287;24790;9591069148;S
20240213;100407;287;200;9591069149;S
20240213;100407;287;640;9591069150;S
20240213;100407;287;730;9591069151;S
20240213;100407;287;570;9591069152;S
20240213;100407;287;620;9591069153;S
20240213;100407;287;290;9591069155;S
20240213;100407;287;120;9591069156;S
20240213;100407;287;1200;9591069159;S
20240213;100407;287;140;9591069160;S
20240213;100407;287;670;9591069161;S
20240213;100407;287;370;9591069165;S
20240213;100407;287;3580;9591069166;S
20240213;100407;287;680;9591069167;S
20240213;100407;287;330;9591069168;S
20240213;100407;287;3000;9591069173;S
20240213;100407;287;4000;9591069174;S
20240213;100407;287;400;9591069175;S
20240213;100407;287;2000;9591069182;S
20240213;100407;287;290;9591069201;S
20240213;100407;287;190;9591069202;S
20240213;100407;287;90;9591069203;S
20240213;100407;287;2000;9591069212;S
20240213;100407;287;690;9591069214;S
20240213;100407;287;10;9591069215;S
20240213;100407;287;60;9591069216;S
20240213;100407;287;9650;9591069217;S
20240213;100407;287;10;9591069218;S
20240213;100407;287;400;9591069219;S
20240213;100407;287;30;9591069220;S
20240213;100407;287;60;9591069221;S
20240213;100407;287;90;9591069222;S
20240213;100407;287;10;9591069223;S
20240213;100407;287;140;9591069226;S
20240213;100407;287;100;9591069236;S
20240213;100407;287;5000;9591069240;S
20240213;100407;287;680;9591069251;S
20240213;100407;287;10;9591069260;S
20240213;100407;287;2730;9591069273;S
20240213;100407;287;100;9591069274;S
20240213;100407;287;40;9591069275;S
20240213;100407;287;1000;9591069276;S
20240213;100407;287;300;9591069277;S
20240213;100407;287;50;9591069278;S
20240213;100407;287;100;9591069279;S
20240213;100407;287;350;9591069280;S
20240213;100408;287;10;9591069294;S
20240213;100408;287;100;9591069301;S
20240213;100408;287.01;60;9591069318;B
20240213;100408;287;500;9591069323;S
20240213;100408;287;20;9591069352;S
20240213;100408;287;20;9591069353;S
20240213;100408;287.01;40;9591069355;B
20240213;100408;287;500;9591069357;S
20240213;100408;287;1000;9591069358;S
20240213;100408;287;10;9591069373;S
20240213;100408;287;550;9591069380;S
20240213;100408;287;470;9591069381;S
20240213;100408;287;470;9591069391;S
20240213;100408;287;10;9591069392;S
20240213;100408;287;400;9591069393;S
20240213;100408;287;3500;9591069394;S
20240213;100408;287;450;9591069395;S
20240213;100408;287;510;9591069396;S
20240213;100408;287;80;9591069397;S
20240213;100408;287;500;9591069398;S
20240213;100408;287.01;190;9591069407;B
20240213;100408;287;3500;9591069408;S
20240213;100408;287;2000;9591069410;S
20240213;100408;287;10;9591069411;S
20240213;100408;287;10;9591069419;S
20240213;100408;287;100;9591069420;S
20240213;100408;287.01;110;9591069433;B
20240213;100408;287.01;540;9591069434;B
20240213;100408;287.01;1500;9591069435;B
20240213;100408;287.01;3000;9591069436;B
20240213;100408;287.01;700;9591069437;B
20240213;100408;287.01;200;9591069438;B
20240213;100408;287.01;50;9591069439;B
20240213;100408;287.01;600;9591069440;B
20240213;100408;287.01;1050;9591069441;B
20240213;100408;287.01;350;9591069442;B
20240213;100408;287.01;110;9591069443;B
20240213;100408;287.01;200;9591069444;B
20240213;100408;287.01;1100;9591069445;B
20240213;100408;287.01;200;9591069446;B
20240213;100408;287.01;200;9591069447;B
20240213;100408;287.02;90;9591069448;B
20240213;100408;287;10;9591069449;S
20240213;100409;287;10;9591069502;S
20240213;100409;287;100;9591069503;S
20240213;100409;287;530;9591069504;S
20240213;100409;287;10;9591069505;S
20240213;100409;287;10;9591069506;S
20240213;100409;287;10;9591069507;S
20240213;100409;287;500;9591069508;S
20240213;100409;287;50;9591069509;S
20240213;100409;287;10;9591069510;S
20240213;100409;287;100;9591069511;S
20240213;100409;287;1000;9591069512;S
20240213;100409;287;100;9591069513;S
20240213;100409;287;110;9591069514;S
20240213;100409;287;20;9591069515;S
20240213;100409;287;100;9591069516;S
20240213;100409;287;100;9591069517;S
20240213;100409;287;150;9591069518;S
20240213;100409;287;10;9591069519;S
20240213;100409;287;10;9591069520;S
20240213;100409;287;10;9591069521;S
20240213;100409;287;50;9591069522;S
20240213;100409;287;10;9591069523;S
20240213;100409;287;30;9591069524;S
20240213;100409;287;1000;9591069525;S
20240213;100409;287;10;9591069526;S
20240213;100409;287;20;9591069527;S
20240213;100409;287;50;9591069528;S
20240213;100409;287;890;9591069529;S
20240213;100409;287;20;9591069533;S
20240213;100409;287.01;20;9591069536;B
20240213;100409;287;600;9591069549;S
20240213;100409;287;20;9591069559;S
20240213;100409;287;10;9591069560;S
20240213;100409;287;460;9591069561;S
20240213;100409;287;10;9591069562;S
20240213;100409;287;10;9591069563;S
20240213;100409;287;10;9591069564;S
20240213;100409;287;100;9591069565;S
20240213;100409;287;120;9591069566;S
20240213;100409;287;300;9591069567;S
20240213;100409;287;10;9591069568;S
20240213;100409;287;10;9591069569;S
20240213;100409;287;20;9591069570;S
20240213;100409;287;80;9591069571;S
20240213;100409;287;10;9591069572;S
20240213;100409;287;60;9591069573;S
20240213;100409;287;40;9591069574;S
20240213;100409;287;200;9591069575;S
20240213;100409;287;100;9591069576;S
20240213;100409;287;10;9591069577;S
20240213;100409;287;10;9591069578;S
20240213;100409;287;10;9591069579;S
20240213;100409;287;50;9591069580;S
20240213;100409;287;10;9591069581;S
20240213;100409;287;200;9591069582;S
20240213;100409;286.99;150;9591069583;S
20240213;100409;286.99;370;9591069584;S
20240213;100409;286.99;10;9591069585;S
20240213;100409;286.99;530;9591069586;S
20240213;100409;286.99;10;9591069587;S
20240213;100409;286.99;90;9591069598;S
20240213;100409;286.99;10000;9591069603;S
20240213;100409;286.99;40;9591069636;S
20240213;100410;287;400;9591069651;B
20240213;100410;286.99;100;9591069687;S
20240213;100410;286.99;700;9591069694;S
20240213;100410;286.99;400;9591069700;S
20240213;100410;287;10;9591069707;B
20240213;100410;287;10;9591069714;B
20240213;100410;286.99;100;9591069722;S
20240213;100410;286.99;500;9591069728;S
20240213;100410;286.99;100;9591069729;S
20240213;100410;287;10;9591069793;B
20240213;100411;286.99;60;9591069796;S
20240213;100411;286.99;200;9591069807;S
20240213;100411;286.99;10;9591069824;S
20240213;100411;286.99;300;9591069825;S
20240213;100411;286.99;10;9591069842;S
20240213;100411;286.99;10;9591069843;S
20240213;100411;286.99;10;9591069854;S
20240213;100411;286.99;100;9591069880;S
20240213;100412;286.99;300;9591069980;S
20240213;100412;286.99;10;9591070012;S
20240213;100412;286.99;10;9591070013;S
20240213;100412;286.99;100;9591070021;S
20240213;100412;286.99;10;9591070022;S
20240213;100412;286.99;10;9591070069;S
20240213;100412;287;510;9591070085;B
20240213;100412;287;400;9591070086;B
20240213;100412;287;1090;9591070087;B
20240213;100413;287;10;9591070146;B
20240213;100413;286.99;500;9591070202;S
20240213;100414;287;20;9591070276;B
20240213;100415;286.99;100;9591070380;S
20240213;100415;287;1500;9591070469;B
20240213;100415;287;100;9591070473;B
20240213;100415;287;10;9591070488;B
20240213;100416;287;360;9591070550;B
20240213;100416;286.99;160;9591070622;S
20240213;100416;286.99;20;9591070623;S
20240213;100416;286.99;80;9591070624;S
20240213;100416;286.99;40;9591070625;S
20240213;100417;286.99;40;9591070832;S
20240213;100417;287;10;9591070857;B
20240213;100417;287;300;9591070858;B
20240213;100418;286.99;10;9591070915;S
20240213;100419;287;10;9591070990;B
20240213;100419;286.99;20;9591071081;S
20240213;100419;286.99;510;9591071082;S
20240213;100419;286.98;500;9591071083;S
20240213;100419;286.98;70;9591071084;S
20240213;100419;286.98;10;9591071085;S
20240213;100419;286.98;20;9591071086;S
20240213;100419;286.98;10;9591071087;S
20240213;100419;286.97;200;9591071088;S
20240213;100419;286.95;50;9591071089;S
20240213;100419;286.95;10;9591071090;S
20240213;100419;286.95;100;9591071091;S
20240213;100419;286.95;10;9591071092;S
20240213;100419;286.95;600;9591071093;S
20240213;100419;286.94;1500;9591071094;S
20240213;100420;286.94;40;9591071105;S
20240213;100420;286.94;30;9591071107;S
20240213;100420;286.94;60;9591071108;S
20240213;100420;286.94;10;9591071115;S
20240213;100420;286.95;1050;9591071197;B
20240213;100420;286.96;200;9591071198;B
20240213;100420;286.96;1000;9591071199;B
20240213;100420;286.96;770;9591071200;B
20240213;100420;286.96;400;9591071201;B
20240213;100420;286.98;540;9591071202;B
20240213;100420;286.99;540;9591071203;B
20240213;100420;286.99;500;9591071204;B
20240213;100420;287;680;9591071205;B
20240213;100420;287;30;9591071206;B
20240213;100420;287;200;9591071207;B
20240213;100420;287;540;9591071208;B
20240213;100420;287;2500;9591071209;B
20240213;100420;287;20;9591071210;B
20240213;100420;287;6030;9591071211;B
20240213;100420;286.95;10;9591071228;S
20240213;100420;286.94;30;9591071229;S
20240213;100420;286.96;150;9591071234;S
20240213;100420;286.94;530;9591071235;S
20240213;100420;286.98;190;9591071251;B
20240213;100420;286.94;500;9591071252;S
20240213;100420;286.94;300;9591071254;S
20240213;100420;286.92;950;9591071255;S
20240213;100420;286.92;500;9591071256;S
20240213;100421;286.92;1550;9591071262;S
20240213;100421;286.92;50;9591071263;S
20240213;100421;286.92;100;9591071264;S
20240213;100421;286.92;50;9591071265;S
20240213;100421;286.92;760;9591071266;S
20240213;100421;286.91;10;9591071267;S
20240213;100421;286.91;200;9591071268;S
20240213;100421;286.91;540;9591071269;S
20240213;100421;286.91;400;9591071270;S
20240213;100421;286.9;10;9591071271;S
20240213;100421;286.9;450;9591071272;S
20240213;100421;286.9;20;9591071273;S
20240213;100421;286.9;500;9591071274;S
20240213;100421;286.9;200;9591071275;S
20240213;100421;286.9;160;9591071276;S
20240213;100421;286.9;20;9591071277;S
20240213;100421;286.9;300;9591071278;S
20240213;100421;286.9;510;9591071279;S
20240213;100421;286.9;20;9591071280;S
20240213;100421;286.9;10;9591071281;S
20240213;100421;286.9;10;9591071282;S
20240213;100421;286.9;50;9591071283;S
20240213;100421;286.97;40;9591071285;B
20240213;100421;286.9;60;9591071322;S
20240213;100421;286.9;40;9591071334;S
20240213;100421;286.9;40;9591071335;S
20240213;100421;286.9;20;9591071336;S
20240213;100421;286.97;20;9591071378;B
20240213;100421;286.91;30;9591071379;S
20240213;100421;286.9;80;9591071380;S
20240213;100421;286.9;50;9591071381;S
20240213;100421;286.89;10;9591071382;S
20240213;100421;286.89;230;9591071383;S
20240213;100421;286.88;350;9591071384;S
20240213;100421;286.96;60;9591071386;B
20240213;100421;286.96;60;9591071387;B
20240213;100421;286.88;480;9591071388;S
20240213;100421;286.88;1000;9591071389;S
20240213;100421;286.88;80;9591071390;S
20240213;100421;286.92;140;9591071394;S
20240213;100421;286.92;200;9591071396;S
20240213;100422;286.92;1680;9591071405;S
20240213;100422;286.96;410;9591071427;B
20240213;100422;286.97;350;9591071428;B
20240213;100422;286.97;240;9591071429;B
20240213;100422;286.92;1050;9591071436;S
20240213;100422;286.97;40;9591071486;B
20240213;100423;286.95;70;9591071583;B
20240213;100423;286.96;10;9591071585;B
20240213;100423;286.97;690;9591071586;B
20240213;100423;286.92;6930;9591071695;S
20240213;100423;286.92;10;9591071696;S
20240213;100423;286.92;750;9591071697;S
20240213;100423;286.91;400;9591071698;S
20240213;100423;286.9;180;9591071699;S
20240213;100423;286.89;150;9591071700;S
20240213;100423;286.88;90;9591071711;S
20240213;100423;286.88;540;9591071712;S
20240213;100423;286.87;10;9591071713;S
20240213;100423;286.87;500;9591071714;S
20240213;100423;286.87;540;9591071715;S
20240213;100423;286.86;100;9591071716;S
20240213;100423;286.86;10;9591071717;S
20240213;100423;286.86;2000;9591071718;S
20240213;100423;286.86;210;9591071719;S
20240213;100423;286.92;20;9591071720;S
20240213;100424;286.94;10;9591071751;B
20240213;100424;286.92;40;9591071876;S
20240213;100424;286.86;330;9591071877;S
20240213;100424;286.85;10;9591071878;S
20240213;100424;286.85;10;9591071879;S
20240213;100424;286.85;540;9591071880;S
20240213;100424;286.84;50;9591071881;S
20240213;100424;286.84;540;9591071882;S
20240213;100424;286.84;740;9591071883;S
20240213;100424;286.83;340;9591071884;S
20240213;100424;286.83;20;9591071886;S
20240213;100424;286.83;500;9591071887;S
20240213;100425;286.83;140;9591071889;S
20240213;100425;286.83;170;9591071890;S
20240213;100425;286.83;370;9591071904;S
20240213;100425;286.82;20;9591071905;S
20240213;100425;286.82;50;9591071906;S
20240213;100425;286.82;200;9591071907;S
