<DATE>;<TIME>;<LAST>;<VOL>;<ID>;<OPER>
20240222;095938;282.100000000;10;9691716506;S
20240222;095938;282.100000000;420;9691716507;S
20240222;095938;282.100000000;50;9691716508;S
20240222;095938;282.100000000;10;9691716509;S
20240222;095938;282.100000000;10;9691716510;S
20240222;095938;282.100000000;10;9691716511;S
20240222;095938;282.100000000;10;9691716512;S
20240222;095938;282.100000000;40;9691716513;S
20240222;095938;282.100000000;20;9691716514;S
20240222;095938;282.100000000;10;9691716515;S
20240222;095938;282.100000000;160;9691716516;S
20240222;095938;282.100000000;10;9691716517;S
20240222;095938;282.100000000;50;9691716518;S
20240222;095938;282.100000000;10;9691716519;S
20240222;095938;282.100000000;20;9691716520;S
20240222;095938;282.100000000;50;9691716521;S
20240222;095938;282.100000000;50;9691716522;S
20240222;095938;282.100000000;1450;9691716523;S
20240222;095938;282.100000000;10;9691716524;S
20240222;095938;282.100000000;110;9691716525;S
20240222;095938;282.100000000;50;9691716526;S
20240222;095938;282.100000000;100;9691716527;B
20240222;095938;282.100000000;20;9691716528;B
20240222;095938;282.100000000;10;9691716529;B
20240222;095938;282.100000000;20;9691716530;B
20240222;095938;282.100000000;50;9691716531;B
20240222;095938;282.100000000;330;9691716532;B
20240222;095938;282.100000000;330;9691716533;S
20240222;095938;282.100000000;560;9691716534;S
20240222;095938;282.100000000;10;9691716535;S
20240222;095938;282.100000000;60;9691716536;S
20240222;095938;282.100000000;360;9691716537;S
20240222;095938;282.100000000;10;9691716538;S
20240222;095938;282.100000000;3000;9691716539;S
20240222;095938;282.100000000;10;9691716540;S
20240222;095938;282.100000000;10;9691716541;S
20240222;095938;282.100000000;20;9691716542;S
20240222;095938;282.100000000;20;9691716543;S
20240222;095938;282.100000000;400;9691716544;S
20240222;095938;282.100000000;20;9691716545;S
20240222;095938;282.100000000;20;9691716546;S
20240222;095938;282.100000000;210;9691716547;S
20240222;095938;282.100000000;10;9691716548;S
20240222;095938;282.100000000;10;9691716549;S
20240222;095938;282.100000000;70;9691716550;B
20240222;095938;282.100000000;100;9691716551;B
20240222;095938;282.100000000;270;9691716552;B
20240222;095938;282.100000000;50;9691716553;B
20240222;095938;282.100000000;6000;9691716554;B
20240222;095938;282.100000000;200;9691716555;B
20240222;095938;282.100000000;17000;9691716556;B
20240222;095938;282.100000000;50;9691716557;B
20240222;095938;282.100000000;1750;9691716558;B
20240222;095938;282.100000000;60;9691716559;S
20240222;095938;282.100000000;100;9691716560;B
20240222;095938;282.100000000;250;9691716561;S
20240222;095938;282.100000000;10;9691716562;S
20240222;095938;282.100000000;10;9691716563;B
20240222;095938;282.100000000;10;9691716564;B
20240222;095938;282.100000000;10;9691716565;B
20240222;095938;282.100000000;30;9691716566;B
20240222;095938;282.100000000;200;9691716567;B
20240222;095938;282.100000000;10;9691716568;S
20240222;095938;282.100000000;40;9691716569;S
20240222;095938;282.100000000;10;9691716570;S
20240222;095938;282.100000000;20;9691716571;S
20240222;095938;282.100000000;3540;9691716572;S
20240222;095938;282.100000000;10;9691716573;S
20240222;095938;282.100000000;10;9691716574;S
20240222;095938;282.100000000;1190;9691716575;S
20240222;095938;282.100000000;10;9691716576;S
20240222;095938;282.100000000;50;9691716577;S
20240222;095938;282.100000000;10;9691716578;S
20240222;095938;282.100000000;10;9691716579;S
20240222;095938;282.100000000;10;9691716580;S
20240222;095938;282.100000000;10;9691716581;S
20240222;095938;282.100000000;10;9691716582;S
20240222;095938;282.100000000;10;9691716583;B
20240222;095938;282.100000000;10;9691716584;B
20240222;095938;282.100000000;1000;9691716585;S
20240222;095938;282.100000000;10;9691716586;S
20240222;095938;282.100000000;500;9691716587;B
20240222;095938;282.100000000;10;9691716588;S
20240222;095938;282.100000000;1000;9691716589;B
20240222;095938;282.100000000;10500;9691716590;B
20240222;095938;282.100000000;1000;9691716591;S
20240222;095938;282.100000000;5000;9691716592;B
20240222;095938;282.100000000;500;9691716593;S
20240222;095938;282.100000000;580;9691716594;S
20240222;095938;282.100000000;10;9691716595;S
20240222;095938;282.100000000;50;9691716596;S
20240222;095938;282.100000000;50;9691716597;S
20240222;095938;282.100000000;2000;9691716598;B
20240222;095938;282.100000000;2260;9691716599;S
20240222;095938;282.100000000;10;9691716600;S
20240222;095938;282.100000000;1000;9691716601;S
20240222;095938;282.100000000;50;9691716602;S
20240222;095938;282.100000000;220;9691716603;S
20240222;095938;282.100000000;10;9691716604;B
20240222;095938;282.100000000;160;9691716605;B
20240222;095938;282.100000000;1000;9691716606;B
20240222;095938;282.100000000;220;9691716607;B
20240222;095938;282.100000000;10;9691716608;B
20240222;095938;282.100000000;20;9691716609;B
20240222;095938;282.100000000;400;9691716610;B
20240222;095938;282.100000000;500;9691716611;B
20240222;095938;282.100000000;10;9691716612;B
20240222;095938;282.100000000;10;9691716613;B
20240222;095938;282.100000000;40;9691716614;B
20240222;095938;282.100000000;50;9691716615;B
20240222;095938;282.100000000;10;9691716616;B
20240222;095938;282.100000000;20;9691716617;B
20240222;095938;282.100000000;30;9691716618;B
20240222;095938;282.100000000;50;9691716619;B
20240222;095938;282.100000000;30;9691716620;B
20240222;095938;282.100000000;10;9691716621;B
20240222;095938;282.100000000;10;9691716622;B
20240222;095938;282.100000000;20;9691716623;B
20240222;095938;282.100000000;10;9691716624;B
20240222;095938;282.100000000;10;9691716625;S
20240222;095938;282.100000000;10;9691716626;B
20240222;095938;282.100000000;100;9691716627;B
20240222;100000;282.240000000;300;9691721963;B
20240222;100000;282.240000000;300;9691721964;B
20240222;100000;282.240000000;100;9691721965;B
20240222;100000;282.240000000;100;9691721967;B
20240222;100000;282.240000000;100;9691721968;B
20240222;100000;282.240000000;300;9691721975;B
20240222;100000;282.240000000;400;9691721988;B
20240222;100000;282.240000000;1000;9691721991;B
20240222;100000;282.240000000;200;9691721992;B
20240222;100000;282.240000000;100;9691721995;B
20240222;100000;282.240000000;700;9691721996;B
20240222;100000;282.240000000;200;9691721997;B
20240222;100000;282.240000000;300;9691722002;B
20240222;100000;282.240000000;100;9691722013;B
20240222;100000;282.240000000;100;9691722014;B
20240222;100000;282.240000000;1000;9691722015;B
20240222;100000;282.240000000;100;9691722018;B
20240222;100000;282.240000000;600;9691722023;B
20240222;100000;282.240000000;1000;9691722024;B
20240222;100000;282.240000000;300;9691722027;B
20240222;100000;282.240000000;100;9691722033;B
20240222;100000;282.240000000;500;9691722034;B
20240222;100000;282.240000000;100;9691722035;B
20240222;100000;282.240000000;100;9691722038;B
20240222;100000;282.240000000;1000;9691722039;B
20240222;100000;282.240000000;1000;9691722040;B
20240222;100000;282.240000000;1000;9691722041;B
20240222;100000;282.240000000;130;9691722049;B
20240222;100000;282.250000000;170;9691722050;B
20240222;100000;282.230000000;100;9691722059;B
20240222;100000;282.230000000;300;9691722060;B
20240222;100000;282.250000000;200;9691722063;B
20240222;100000;282.250000000;130;9691722069;B
20240222;100000;282.250000000;170;9691722070;B
20240222;100000;282.300000000;120;9691722134;B
20240222;100000;282.300000000;10;9691722135;B
20240222;100000;282.340000000;410;9691722231;B
20240222;100000;282.400000000;200;9691722315;B
20240222;100000;282.430000000;1000;9691722379;B
20240222;100000;282.430000000;150;9691722414;B
20240222;100000;282.410000000;10;9691722443;S
20240222;100000;282.430000000;280;9691722497;B
20240222;100000;282.430000000;2000;9691722498;B
20240222;100000;282.430000000;400;9691722501;B
20240222;100000;282.450000000;100;9691722502;B
20240222;100000;282.460000000;50;9691722503;B
20240222;100000;282.500000000;200;9691722504;B
20240222;100000;282.500000000;70;9691722505;B
20240222;100000;282.500000000;500;9691722506;B
20240222;100000;282.510000000;80;9691722507;B
20240222;100000;282.520000000;800;9691722537;B
20240222;100000;282.520000000;200;9691722538;B
20240222;100000;282.530000000;760;9691722555;B
20240222;100000;282.530000000;240;9691722556;B
20240222;100000;282.590000000;10;9691722571;B
20240222;100000;282.590000000;380;9691722572;B
20240222;100000;282.600000000;200;9691722638;B
20240222;100000;282.610000000;20;9691722685;B
20240222;100000;282.620000000;10;9691722702;B
20240222;100000;282.620000000;660;9691722703;B
20240222;100000;282.620000000;120;9691722704;B
20240222;100000;282.620000000;280;9691722705;B
20240222;100000;282.610000000;600;9691722783;S
20240222;100000;282.610000000;400;9691722784;S
20240222;100000;282.610000000;380;9691722785;S
20240222;100000;282.690000000;40;9691722824;B
20240222;100000;282.700000000;200;9691722848;B
20240222;100001;282.710000000;600;9691722878;S
20240222;100001;282.710000000;400;9691722879;S
20240222;100001;282.720000000;400;9691722911;S
20240222;100001;282.720000000;600;9691722912;S
20240222;100001;282.740000000;1000;9691722927;S
20240222;100001;282.750000000;1070;9691722938;B
20240222;100001;282.750000000;360;9691722939;B
20240222;100001;282.750000000;400;9691722940;B
20240222;100001;282.740000000;600;9691722965;S
20240222;100001;282.730000000;400;9691722966;S
20240222;100001;282.750000000;100;9691722969;S
20240222;100001;282.740000000;900;9691722970;S
20240222;100001;282.760000000;390;9691722971;B
20240222;100001;282.760000000;1620;9691722972;B
20240222;100001;282.760000000;400;9691722973;B
20240222;100001;282.750000000;600;9691722975;S
20240222;100001;282.750000000;100;9691722976;S
20240222;100001;282.740000000;300;9691722977;S
20240222;100001;282.750000000;100;9691722996;S
20240222;100001;282.750000000;400;9691722997;S
20240222;100001;282.750000000;500;9691722998;S
20240222;100001;282.760000000;600;9691723002;S
20240222;100001;282.760000000;400;9691723003;S
20240222;100001;282.790000000;50;9691723006;B
20240222;100001;282.800000000;130;9691723019;B
20240222;100001;282.800000000;70;9691723020;B
20240222;100001;282.800000000;130;9691723021;B
20240222;100001;282.800000000;200;9691723022;B
20240222;100001;282.790000000;650;9691723025;S
20240222;100001;282.790000000;350;9691723026;S
20240222;100001;282.800000000;70;9691723027;B
20240222;100001;282.790000000;250;9691723028;S
20240222;100001;282.790000000;300;9691723029;S
20240222;100001;282.790000000;450;9691723030;S
20240222;100001;282.790000000;1000;9691723031;S
20240222;100001;282.790000000;1000;9691723038;S
20240222;100001;282.800000000;400;9691723044;S
20240222;100001;282.800000000;600;9691723045;S
20240222;100001;282.790000000;1000;9691723054;S
20240222;100001;282.800000000;600;9691723061;S
20240222;100001;282.790000000;400;9691723062;S
20240222;100001;282.790000000;800;9691723063;S
20240222;100001;282.800000000;600;9691723067;S
20240222;100001;282.790000000;240;9691723068;S
20240222;100001;282.790000000;160;9691723069;S
20240222;100001;282.800000000;600;9691723073;S
20240222;100001;282.790000000;400;9691723074;S
20240222;100001;282.800000000;1000;9691723079;S
20240222;100001;282.810000000;300;9691723081;B
20240222;100001;282.790000000;300;9691723084;S
20240222;100001;282.780000000;150;9691723085;S
20240222;100001;282.770000000;550;9691723086;S
20240222;100001;282.810000000;100;9691723087;B
20240222;100001;282.820000000;10;9691723088;B
20240222;100001;282.820000000;100;9691723108;S
20240222;100001;282.820000000;90;9691723295;S
20240222;100001;282.820000000;110;9691723296;S
20240222;100001;282.840000000;100;9691723301;B
20240222;100001;282.850000000;100;9691723302;B
20240222;100001;282.850000000;10;9691723303;B
20240222;100001;282.850000000;100;9691723320;B
20240222;100001;282.850000000;1260;9691723337;B
20240222;100001;282.850000000;1740;9691723338;B
20240222;100001;282.880000000;300;9691723352;B
20240222;100001;282.880000000;300;9691723358;B
20240222;100001;282.880000000;180;9691723387;B
20240222;100001;282.880000000;220;9691723388;B
20240222;100001;282.880000000;10;9691723389;B
20240222;100001;282.900000000;130;9691723392;B
20240222;100001;282.900000000;70;9691723393;B
20240222;100001;282.900000000;60;9691723394;B
20240222;100001;282.900000000;140;9691723395;B
20240222;100001;282.930000000;10;9691723418;B
20240222;100001;282.930000000;10;9691723419;B
20240222;100001;282.950000000;10;9691723436;B
20240222;100001;282.940000000;400;9691723437;S
20240222;100001;282.940000000;360;9691723438;S
20240222;100001;282.960000000;400;9691723452;S
20240222;100001;282.970000000;20;9691723455;B
20240222;100001;282.990000000;10;9691723456;B
20240222;100001;282.990000000;20;9691723457;B
20240222;100001;282.980000000;400;9691723501;S
20240222;100001;282.980000000;330;9691723503;B
20240222;100001;282.980000000;410;9691723527;B
20240222;100001;282.990000000;480;9691723528;B
20240222;100001;282.990000000;10;9691723529;B
20240222;100001;282.990000000;100;9691723530;S
20240222;100001;282.990000000;600;9691723540;S
20240222;100001;283.000000000;10;9691723560;B
20240222;100001;283.000000000;10;9691723561;B
20240222;100001;283.000000000;100;9691723562;B
20240222;100001;283.000000000;200;9691723563;B
20240222;100001;283.000000000;160;9691723564;B
20240222;100001;283.000000000;150;9691723565;B
20240222;100001;283.000000000;70;9691723566;B
20240222;100001;283.000000000;2930;9691723576;B
20240222;100001;283.020000000;30;9691723588;B
20240222;100001;283.020000000;30;9691723607;B
20240222;100001;283.020000000;60;9691723608;B
20240222;100001;283.020000000;380;9691723609;B
20240222;100001;283.030000000;20;9691723613;B
20240222;100001;283.040000000;10;9691723614;B
20240222;100001;283.040000000;10;9691723615;B
20240222;100001;283.050000000;10;9691723625;B
20240222;100001;283.050000000;10;9691723626;B
20240222;100001;283.060000000;10;9691723628;B
20240222;100001;283.070000000;20;9691723642;B
20240222;100001;283.100000000;100;9691723654;B
20240222;100001;283.100000000;200;9691723655;B
20240222;100001;283.100000000;20;9691723656;B
20240222;100001;283.110000000;20;9691723666;B
20240222;100001;283.120000000;400;9691723696;S
20240222;100001;283.130000000;1000;9691723702;B
20240222;100001;283.120000000;90;9691723707;B
20240222;100001;283.130000000;910;9691723708;B
20240222;100001;283.130000000;1000;9691723713;B
20240222;100001;283.120000000;400;9691723714;S
20240222;100001;283.130000000;90;9691723716;B
20240222;100001;283.130000000;910;9691723717;S
20240222;100001;283.120000000;690;9691723718;S
20240222;100001;283.140000000;400;9691723722;S
20240222;100001;283.140000000;400;9691723732;S
20240222;100001;283.150000000;20;9691723749;B
20240222;100001;283.150000000;10;9691723750;B
20240222;100001;283.160000000;10;9691723767;B
20240222;100001;283.150000000;50;9691723770;S
20240222;100001;283.150000000;950;9691723772;S
20240222;100001;283.150000000;1000;9691723773;S
20240222;100001;283.150000000;250;9691723774;S
20240222;100001;283.160000000;400;9691723775;S
20240222;100001;283.160000000;20;9691723781;B
20240222;100001;283.160000000;300;9691723784;S
20240222;100001;283.160000000;80;9691723789;S
20240222;100001;283.150000000;750;9691723799;S
20240222;100001;283.150000000;850;9691723800;S
20240222;100001;283.150000000;150;9691723807;S
20240222;100001;283.150000000;50;9691723808;S
20240222;100001;283.150000000;50;9691723811;S
20240222;100001;283.150000000;400;9691723812;S
20240222;100001;283.150000000;100;9691723813;S
20240222;100001;283.150000000;450;9691723814;S
20240222;100001;283.180000000;30;9691723833;B
20240222;100001;283.180000000;230;9691723852;B
20240222;100001;283.190000000;40;9691723859;B
20240222;100001;283.190000000;500;9691723866;S
20240222;100001;283.180000000;500;9691723871;B
20240222;100001;283.200000000;200;9691723889;B
20240222;100001;283.200000000;140;9691723890;B
20240222;100001;283.200000000;860;9691723891;B
20240222;100001;283.200000000;140;9691723893;B
20240222;100001;283.200000000;1160;9691723894;B
20240222;100001;283.260000000;680;9691723950;B
20240222;100001;283.160000000;10;9691723957;S
20240222;100001;283.240000000;270;9691723958;B
20240222;100001;283.200000000;890;9691723966;B
20240222;100001;283.200000000;20;9691723967;B
20240222;100001;283.150000000;550;9691723968;S
20240222;100001;283.150000000;250;9691723969;S
20240222;100001;283.190000000;400;9691723970;B
20240222;100001;283.190000000;600;9691723971;B
20240222;100001;283.150000000;750;9691723978;S
20240222;100001;283.150000000;1000;9691723979;S
20240222;100001;283.150000000;1000;9691723980;S
20240222;100001;283.150000000;1000;9691723981;S
20240222;100001;283.150000000;390;9691723982;S
20240222;100001;283.150000000;610;9691723983;S
20240222;100001;283.150000000;1000;9691723984;S
20240222;100001;283.150000000;1000;9691723985;S
20240222;100001;283.150000000;1000;9691723986;S
20240222;100001;283.170000000;200;9691723988;B
20240222;100001;283.170000000;600;9691723991;B
20240222;100001;283.170000000;1000;9691723992;B
20240222;100001;283.160000000;400;9691724001;B
20240222;100001;283.160000000;360;9691724002;B
20240222;100001;283.160000000;240;9691724003;B
20240222;100001;283.250000000;980;9691724013;B
20240222;100001;283.150000000;360;9691724024;B
20240222;100001;283.250000000;640;9691724025;B
20240222;100001;283.160000000;980;9691724036;B
20240222;100001;283.150000000;360;9691724043;B
20240222;100001;283.160000000;640;9691724044;B
20240222;100001;283.160000000;100;9691724046;B
20240222;100001;283.230000000;980;9691724050;B
20240222;100001;283.230000000;20;9691724051;B
20240222;100001;283.240000000;400;9691724052;B
20240222;100001;283.240000000;80;9691724053;B
20240222;100001;282.910000000;20;9691724054;S
20240222;100001;283.200000000;1000;9691724061;B
20240222;100001;283.150000000;360;9691724062;B
20240222;100001;283.200000000;240;9691724063;B
20240222;100001;283.240000000;60;9691724064;B
20240222;100001;283.240000000;340;9691724065;B
20240222;100001;283.220000000;1000;9691724070;B
20240222;100001;283.220000000;200;9691724071;B
20240222;100001;283.190000000;1000;9691724073;B
20240222;100001;283.190000000;1000;9691724074;B
20240222;100001;283.230000000;360;9691724075;B
20240222;100001;283.230000000;400;9691724076;B
20240222;100001;283.240000000;240;9691724077;B
20240222;100001;283.210000000;70;9691724081;B
20240222;100001;283.230000000;400;9691724085;B
20240222;100001;283.230000000;1600;9691724091;S
20240222;100001;283.220000000;400;9691724092;S
20240222;100001;283.230000000;400;9691724165;S
20240222;100001;283.230000000;100;9691724166;S
20240222;100001;283.270000000;400;9691724175;S
20240222;100001;283.270000000;200;9691724212;S
20240222;100001;283.270000000;100;9691724219;S
20240222;100002;283.280000000;80;9691724293;B
20240222;100002;283.290000000;20;9691724315;B
20240222;100002;283.280000000;50;9691724367;S
20240222;100002;283.280000000;10;9691724368;S
20240222;100002;283.290000000;40;9691724371;B
20240222;100002;283.280000000;390;9691724388;S
20240222;100002;283.280000000;400;9691724389;S
20240222;100002;283.270000000;210;9691724390;S
20240222;100002;283.280000000;400;9691724396;S
20240222;100002;283.270000000;600;9691724397;S
20240222;100002;283.280000000;360;9691724405;B
20240222;100002;283.280000000;40;9691724406;S
20240222;100002;283.270000000;490;9691724407;S
20240222;100002;283.270000000;70;9691724408;S
20240222;100002;283.270000000;20;9691724414;S
20240222;100002;283.290000000;40;9691724444;B
20240222;100002;283.270000000;110;9691724489;S
20240222;100002;283.240000000;400;9691724490;S
20240222;100002;283.140000000;1490;9691724491;S
20240222;100002;283.150000000;1050;9691724523;S
20240222;100002;283.090000000;2000;9691724524;S
20240222;100002;283.070000000;3280;9691724525;S
20240222;100002;283.080000000;1050;9691724592;S
20240222;100002;283.070000000;200;9691724593;S
20240222;100002;283.070000000;700;9691724594;S
20240222;100002;283.020000000;1050;9691724656;S
20240222;100002;283.010000000;2380;9691724657;S
20240222;100002;283.140000000;2000;9691724764;B
20240222;100002;283.010000000;10;9691724813;S
20240222;100002;283.000000000;1420;9691724826;S
20240222;100002;282.910000000;1320;9691724827;S
20240222;100002;283.000000000;200;9691724863;B
20240222;100002;283.000000000;50;9691724876;B
20240222;100002;283.050000000;460;9691724877;B
20240222;100002;283.060000000;1070;9691724878;B
20240222;100002;283.070000000;1420;9691724879;B
20240222;100002;282.900000000;100;9691724880;S
20240222;100002;283.000000000;10;9691724936;B
20240222;100002;283.000000000;100;9691724945;B
20240222;100002;282.960000000;200;9691725006;B
20240222;100002;282.860000000;6990;9691725013;S
20240222;100002;282.810000000;510;9691725014;S
20240222;100002;282.810000000;3350;9691725066;S
20240222;100002;282.800000000;1060;9691725067;S
20240222;100002;282.760000000;3090;9691725068;S
20240222;100002;282.850000000;110;9691725071;B
20240222;100002;282.810000000;100;9691725079;B
20240222;100002;282.830000000;20;9691725122;B
20240222;100002;282.840000000;100;9691725124;B
20240222;100002;282.910000000;400;9691725148;B
20240222;100002;282.960000000;360;9691725149;B
20240222;100002;283.000000000;890;9691725150;B
20240222;100002;283.000000000;2000;9691725151;B
20240222;100002;283.070000000;2000;9691725152;B
20240222;100002;283.100000000;2000;9691725153;B
20240222;100002;283.160000000;360;9691725154;B
20240222;100002;283.170000000;1990;9691725155;B
20240222;100002;282.840000000;400;9691725156;S
20240222;100002;282.840000000;2000;9691725157;S
20240222;100002;282.830000000;1100;9691725158;S
20240222;100002;282.830000000;750;9691725159;S
20240222;100002;282.830000000;500;9691725160;S
20240222;100002;283.070000000;300;9691725161;B
20240222;100002;283.070000000;100;9691725162;B
20240222;100002;283.130000000;100;9691725163;B
20240222;100002;283.120000000;100;9691725164;B
20240222;100002;283.100000000;100;9691725170;B
20240222;100002;282.990000000;100;9691725172;B
20240222;100002;282.980000000;400;9691725173;B
20240222;100002;282.860000000;10;9691725211;B
20240222;100002;282.990000000;100;9691725220;B
20240222;100002;282.820000000;10;9691725261;B
20240222;100002;282.910000000;10;9691725280;B
20240222;100003;283.010000000;100;9691725296;B
20240222;100003;282.830000000;1500;9691725370;S
20240222;100003;282.870000000;150;9691725404;B
20240222;100003;282.800000000;150;9691725543;S
20240222;100003;282.740000000;400;9691725544;S
20240222;100003;282.730000000;150;9691725545;S
20240222;100003;282.720000000;360;9691725546;S
20240222;100003;282.710000000;940;9691725547;S
20240222;100003;282.850000000;200;9691725570;B
20240222;100003;282.890000000;10;9691725572;B
20240222;100003;282.890000000;400;9691725574;S
20240222;100003;282.890000000;590;9691725575;S
20240222;100003;282.900000000;100;9691725577;B
20240222;100003;282.840000000;10;9691725583;B
20240222;100003;282.770000000;100;9691725609;B
20240222;100003;282.810000000;70;9691725833;B
20240222;100003;282.830000000;10;9691725881;B
20240222;100003;282.770000000;100;9691725906;S
20240222;100004;282.870000000;10;9691725915;B
20240222;100004;282.790000000;100;9691726050;S
20240222;100004;282.820000000;1070;9691726083;B
20240222;100004;282.820000000;690;9691726084;B
20240222;100004;282.830000000;400;9691726085;B
20240222;100004;282.840000000;820;9691726086;B
20240222;100004;282.750000000;200;9691726121;S
20240222;100004;282.740000000;200;9691726240;S
20240222;100004;282.750000000;100;9691726391;S
20240222;100004;282.740000000;150;9691726400;S
20240222;100004;282.790000000;500;9691726423;S
20240222;100004;282.780000000;100;9691726434;B
20240222;100004;282.820000000;10;9691726448;B
20240222;100004;282.800000000;80;9691726489;S
20240222;100004;282.750000000;100;9691726491;S
20240222;100005;282.810000000;10;9691726506;B
20240222;100005;282.800000000;10;9691726607;B
20240222;100005;282.790000000;400;9691726812;B
20240222;100005;282.800000000;40;9691726813;B
20240222;100005;282.800000000;700;9691726817;S
20240222;100005;282.800000000;450;9691726843;S
20240222;100005;282.810000000;100;9691726967;B
20240222;100005;282.730000000;80;9691726990;S
20240222;100006;282.750000000;10;9691727397;B
20240222;100006;282.720000000;10;9691727428;S
20240222;100006;282.780000000;10;9691727431;B
20240222;100006;282.790000000;10;9691727434;B
20240222;100006;282.740000000;10;9691727749;B
20240222;100006;282.740000000;50;9691727750;B
20240222;100006;282.670000000;20;9691727783;S
20240222;100006;282.740000000;10;9691727784;B
20240222;100006;282.750000000;10;9691727865;B
20240222;100006;282.750000000;10;9691727866;B
20240222;100006;282.750000000;10;9691727868;B
20240222;100007;282.720000000;300;9691728063;B
20240222;100007;282.720000000;1700;9691728128;B
20240222;100007;282.800000000;200;9691728129;B
20240222;100007;282.810000000;10;9691728130;B
20240222;100007;282.800000000;200;9691728135;B
20240222;100007;282.780000000;30;9691728266;B
20240222;100007;282.760000000;50;9691728316;B
20240222;100007;282.760000000;10;9691728403;B
20240222;100007;282.780000000;10;9691728481;B
20240222;100007;282.680000000;20;9691728501;S
20240222;100007;282.680000000;10;9691728584;S
20240222;100007;282.740000000;20;9691728586;B
20240222;100008;282.680000000;10;9691728874;S
20240222;100008;282.760000000;10;9691728933;B
20240222;100008;282.680000000;10;9691728936;S
20240222;100008;282.770000000;400;9691728953;B
20240222;100008;282.780000000;360;9691728954;B
20240222;100008;282.930000000;140;9691728955;B
20240222;100008;282.930000000;100;9691728956;B
20240222;100008;282.920000000;1070;9691728957;B
20240222;100008;282.930000000;530;9691728958;B
20240222;100008;282.910000000;400;9691728959;B
20240222;100008;282.930000000;700;9691728960;B
20240222;100008;282.800000000;30;9691729021;S
20240222;100008;282.800000000;10;9691729022;S
20240222;100008;282.910000000;1060;9691729023;B
20240222;100008;282.910000000;10;9691729024;B
20240222;100008;282.920000000;10;9691729025;B
20240222;100008;282.810000000;30;9691729060;S
20240222;100008;282.850000000;100;9691729247;B
20240222;100008;282.840000000;90;9691729349;B
20240222;100008;282.730000000;2000;9691729353;S
20240222;100008;282.730000000;400;9691729354;S
20240222;100008;282.720000000;1930;9691729355;S
20240222;100008;282.720000000;10;9691729468;S
20240222;100008;282.680000000;50;9691729477;S
20240222;100008;282.870000000;10;9691729479;B
20240222;100008;282.830000000;20;9691729547;B
20240222;100009;282.780000000;100;9691729721;S
20240222;100009;282.800000000;30;9691729840;B
20240222;100009;282.790000000;10;9691729843;B
20240222;100009;282.850000000;10;9691729850;B
20240222;100009;282.690000000;30;9691729852;S
20240222;100009;282.830000000;10;9691729856;B
20240222;100009;282.820000000;80;9691730075;B
20240222;100009;282.650000000;100;9691730190;S
20240222;100009;282.790000000;10;9691730193;B
20240222;100009;282.760000000;400;9691730442;B
20240222;100009;282.770000000;1070;9691730443;B
20240222;100009;282.790000000;2330;9691730444;B
20240222;100009;282.800000000;360;9691730445;B
20240222;100009;282.870000000;100;9691730446;B
20240222;100009;282.810000000;10;9691730626;B
20240222;100009;282.720000000;10;9691730630;S
20240222;100009;282.720000000;10;9691730633;S
20240222;100010;282.760000000;150;9691730690;B
20240222;100010;282.680000000;50;9691730834;S
20240222;100010;282.760000000;250;9691730837;B
20240222;100010;282.760000000;20;9691730838;B
20240222;100010;282.770000000;30;9691730839;B
20240222;100010;282.760000000;10;9691730842;B
20240222;100010;282.760000000;80;9691730869;B
20240222;100010;282.750000000;110;9691730877;B
20240222;100010;282.780000000;40;9691730980;B
20240222;100010;282.780000000;10;9691731019;B
20240222;100010;282.780000000;10;9691731053;B
20240222;100010;282.690000000;400;9691731057;S
20240222;100010;282.680000000;100;9691731058;S
20240222;100010;282.690000000;10;9691731067;S
20240222;100010;282.780000000;20;9691731068;B
20240222;100010;282.780000000;80;9691731100;B
20240222;100010;282.780000000;100;9691731133;B
20240222;100010;282.690000000;30;9691731134;S
20240222;100010;282.780000000;10;9691731135;B
20240222;100010;282.780000000;10;9691731138;B
20240222;100010;282.770000000;50;9691731251;B
20240222;100010;282.790000000;10;9691731288;B
20240222;100010;282.790000000;90;9691731289;B
20240222;100010;282.870000000;200;9691731336;B
20240222;100010;282.870000000;80;9691731358;B
20240222;100010;282.790000000;30;9691731366;S
20240222;100010;282.860000000;10;9691731387;B
20240222;100011;282.860000000;1070;9691731443;B
20240222;100011;282.860000000;400;9691731444;B
20240222;100011;282.870000000;110;9691731445;B
20240222;100011;282.890000000;1420;9691731446;B
20240222;100011;282.810000000;10;9691731758;S
20240222;100011;282.880000000;40;9691731761;B
20240222;100011;282.880000000;160;9691731762;B
20240222;100011;282.900000000;400;9691731801;B
20240222;100011;282.910000000;620;9691731802;B
20240222;100012;282.830000000;20;9691732015;S
20240222;100012;282.850000000;360;9691732156;S
20240222;100012;282.850000000;360;9691732157;S
20240222;100012;282.840000000;280;9691732158;S
20240222;100013;282.790000000;110;9691732247;B
20240222;100013;282.800000000;390;9691732248;B
20240222;100013;282.800000000;800;9691732302;B
20240222;100013;282.830000000;400;9691732334;B
20240222;100013;282.830000000;220;9691732399;S
20240222;100014;282.830000000;170;9691732467;B
20240222;100014;282.830000000;40;9691732468;B
20240222;100014;282.840000000;10;9691732469;B
20240222;100014;282.840000000;750;9691732470;B
20240222;100014;282.880000000;400;9691732628;B
20240222;100015;282.930000000;200;9691732747;B
20240222;100015;282.930000000;100;9691732748;B
20240222;100015;282.930000000;100;9691732749;B
20240222;100015;282.930000000;100;9691732750;B
20240222;100015;282.930000000;50;9691732757;S
20240222;100015;282.940000000;1590;9691732849;B
20240222;100015;282.930000000;10;9691733011;S
20240222;100015;282.930000000;40;9691733013;S
20240222;100016;282.930000000;100;9691733059;B
20240222;100016;282.930000000;200;9691733060;B
20240222;100016;282.930000000;100;9691733061;B
20240222;100016;282.930000000;100;9691733062;B
20240222;100016;282.930000000;100;9691733063;B
20240222;100016;282.930000000;100;9691733064;B
20240222;100016;282.890000000;230;9691733068;S
20240222;100016;282.890000000;90;9691733069;S
20240222;100016;282.890000000;100;9691733070;S
20240222;100016;282.890000000;100;9691733071;S
20240222;100016;282.890000000;100;9691733072;S
20240222;100016;282.890000000;100;9691733076;S
20240222;100016;282.890000000;780;9691733077;S
20240222;100016;282.840000000;140;9691733096;B
20240222;100016;282.840000000;10;9691733114;B
20240222;100017;282.850000000;50;9691733337;B
20240222;100017;282.850000000;310;9691733370;B
20240222;100017;282.850000000;360;9691733371;B
20240222;100017;282.890000000;80;9691733381;B
20240222;100017;282.830000000;150;9691733494;S
20240222;100018;282.840000000;10;9691733812;B
20240222;100019;282.820000000;360;9691733898;B
20240222;100019;282.830000000;140;9691733899;B
20240222;100019;282.840000000;210;9691734178;B
20240222;100019;282.840000000;290;9691734179;B
20240222;100019;282.860000000;400;9691734263;B
20240222;100019;282.870000000;3080;9691734264;B
20240222;100019;282.880000000;70;9691734265;B
20240222;100019;282.860000000;10;9691734318;B
20240222;100019;282.820000000;750;9691734337;B
20240222;100019;282.800000000;280;9691734338;S
20240222;100019;282.800000000;560;9691734339;S
20240222;100019;282.800000000;20;9691734342;S
20240222;100019;282.800000000;10;9691734343;S
20240222;100019;282.800000000;10;9691734349;S
20240222;100019;282.800000000;10;9691734350;S
20240222;100019;282.800000000;10;9691734353;S
20240222;100020;282.810000000;30;9691734546;B
20240222;100021;282.810000000;160;9691734575;B
20240222;100021;282.810000000;300;9691734588;B
20240222;100021;282.810000000;500;9691734589;B
20240222;100021;282.810000000;100;9691734590;B
20240222;100021;282.810000000;500;9691734591;B
20240222;100021;282.810000000;200;9691734599;B
20240222;100021;282.820000000;300;9691734622;B
20240222;100021;282.820000000;300;9691734626;B
20240222;100021;282.800000000;160;9691734645;S
20240222;100021;282.780000000;140;9691734646;S
20240222;100021;282.750000000;100;9691734723;S
20240222;100021;282.750000000;280;9691734735;B
20240222;100021;282.760000000;50;9691734736;B
20240222;100021;282.750000000;180;9691734745;S
20240222;100021;282.750000000;140;9691734746;S
20240222;100021;282.750000000;30;9691734747;S
20240222;100021;282.750000000;10;9691734748;S
20240222;100022;282.700000000;360;9691734906;S
20240222;100022;282.690000000;190;9691734907;S
20240222;100022;282.750000000;400;9691734911;B
20240222;100022;282.750000000;550;9691734912;B
20240222;100022;282.710000000;100;9691734934;B
20240222;100022;282.710000000;10;9691734935;B
20240222;100022;282.630000000;10;9691734949;S
20240222;100022;282.630000000;400;9691735017;S
20240222;100022;282.620000000;100;9691735018;S
20240222;100023;282.620000000;10;9691735144;S
20240222;100023;282.680000000;110;9691735149;B
20240222;100023;282.680000000;10;9691735184;B
20240222;100024;282.610000000;40;9691735427;S
20240222;100024;282.600000000;60;9691735428;S
20240222;100024;282.600000000;440;9691735430;S
20240222;100024;282.650000000;30;9691735510;B
20240222;100025;282.590000000;150;9691735610;S
20240222;100025;282.550000000;250;9691735611;S
20240222;100026;282.540000000;50;9691735920;S
20240222;100027;282.550000000;10;9691736001;S
20240222;100027;282.570000000;10;9691736106;B
20240222;100028;282.590000000;10;9691736204;B
20240222;100028;282.600000000;360;9691736216;B
20240222;100028;282.620000000;360;9691736217;B
20240222;100028;282.630000000;1940;9691736218;B
20240222;100028;282.630000000;2000;9691736219;B
20240222;100028;282.630000000;400;9691736220;B
20240222;100028;282.650000000;1940;9691736221;B
20240222;100028;282.720000000;200;9691736229;S
20240222;100028;282.730000000;40;9691736246;S
20240222;100028;282.740000000;500;9691736387;B
20240222;100028;282.740000000;1500;9691736388;B
20240222;100028;282.770000000;10;9691736424;B
20240222;100029;282.770000000;40;9691736517;B
20240222;100029;282.720000000;40;9691736559;S
20240222;100031;282.730000000;10;9691736997;S
20240222;100031;282.770000000;510;9691737097;B
20240222;100031;282.790000000;310;9691737098;B
20240222;100031;282.800000000;280;9691737099;B
20240222;100032;282.760000000;400;9691737154;S
20240222;100032;282.750000000;1100;9691737155;S
20240222;100032;282.760000000;100;9691737172;S
20240222;100032;282.770000000;400;9691737214;S
20240222;100032;282.760000000;1600;9691737215;S
20240222;100032;282.760000000;200;9691737233;S
20240222;100032;282.790000000;100;9691737264;B
20240222;100032;282.730000000;200;9691737354;S
20240222;100032;282.730000000;100;9691737355;S
20240222;100032;282.780000000;10;9691737375;B
20240222;100034;282.710000000;10;9691737571;S
20240222;100034;282.690000000;10;9691737572;S
20240222;100034;282.610000000;90;9691737573;S
20240222;100034;282.620000000;400;9691737674;S
20240222;100034;282.610000000;150;9691737675;S
20240222;100034;282.650000000;50;9691737719;B
20240222;100034;282.620000000;400;9691737757;S
20240222;100034;282.620000000;10;9691737774;B
20240222;100035;282.620000000;10;9691737883;B
20240222;100035;282.620000000;150;9691737898;B
20240222;100035;282.620000000;50;9691737932;B
20240222;100035;282.610000000;200;9691737933;S
20240222;100037;282.620000000;1590;9691738397;B
20240222;100039;282.620000000;10;9691738816;B
20240222;100039;282.620000000;10;9691738827;B
20240222;100039;282.610000000;30;9691738828;S
20240222;100039;282.620000000;60;9691738925;B
20240222;100039;282.620000000;10;9691738988;B
20240222;100039;282.620000000;30;9691738998;B
20240222;100040;282.610000000;770;9691739100;S
20240222;100040;282.610000000;10;9691739101;S
20240222;100040;282.610000000;1060;9691739102;S
20240222;100040;282.600000000;10;9691739103;S
20240222;100040;282.570000000;400;9691739104;S
20240222;100040;282.560000000;2000;9691739105;S
20240222;100040;282.550000000;2000;9691739106;S
20240222;100040;282.540000000;100;9691739107;S
20240222;100040;282.520000000;10;9691739108;S
20240222;100040;282.520000000;640;9691739109;S
20240222;100040;282.620000000;40;9691739172;B
20240222;100041;282.520000000;650;9691739328;S
20240222;100041;282.560000000;10;9691739349;B
20240222;100041;282.540000000;400;9691739472;B
20240222;100042;282.550000000;50;9691739528;B
20240222;100042;282.510000000;50;9691739698;S
20240222;100042;282.550000000;40;9691739787;B
20240222;100043;282.550000000;10;9691739808;B
20240222;100043;282.550000000;20;9691739898;B
20240222;100044;282.540000000;60;9691740125;S
20240222;100044;282.550000000;100;9691740154;B
20240222;100044;282.550000000;300;9691740155;B
20240222;100044;282.550000000;100;9691740158;B
20240222;100044;282.550000000;200;9691740159;B
20240222;100044;282.550000000;100;9691740175;B
20240222;100044;282.550000000;300;9691740176;B
20240222;100044;282.550000000;200;9691740179;B
20240222;100044;282.550000000;100;9691740180;B
20240222;100044;282.550000000;300;9691740181;B
20240222;100044;282.550000000;280;9691740183;B
20240222;100044;282.610000000;200;9691740185;B
20240222;100044;282.610000000;200;9691740186;B
20240222;100044;282.610000000;100;9691740187;B
20240222;100044;282.620000000;100;9691740188;B
20240222;100044;282.620000000;200;9691740189;B
20240222;100044;282.620000000;200;9691740190;B
20240222;100044;282.620000000;100;9691740192;B
20240222;100044;282.620000000;5820;9691740193;B
20240222;100044;282.620000000;200;9691740194;B
20240222;100044;282.620000000;1010;9691740195;B
20240222;100044;282.620000000;10;9691740196;B
20240222;100044;282.640000000;200;9691740197;B
20240222;100044;282.640000000;200;9691740198;B
20240222;100044;282.640000000;530;9691740199;B
20240222;100044;282.640000000;860;9691740200;B
20240222;100044;282.640000000;100;9691740201;B
20240222;100044;282.640000000;980;9691740204;B
20240222;100044;282.640000000;200;9691740205;B
20240222;100044;282.650000000;150;9691740206;B
20240222;100044;282.750000000;100;9691740208;B
20240222;100044;282.750000000;200;9691740209;B
20240222;100044;282.750000000;100;9691740210;B
20240222;100044;282.740000000;400;9691740258;S
20240222;100044;282.700000000;210;9691740276;S
20240222;100044;282.750000000;100;9691740367;B
20240222;100045;282.740000000;400;9691740442;S
20240222;100045;282.740000000;20;9691740510;B
20240222;100045;282.740000000;10;9691740547;B
20240222;100045;282.750000000;10;9691740550;B
20240222;100045;282.750000000;40;9691740556;B
20240222;100046;282.740000000;100;9691740600;S
20240222;100046;282.720000000;1060;9691740718;S
20240222;100046;282.710000000;2980;9691740719;S
20240222;100046;282.710000000;400;9691740720;S
20240222;100046;282.670000000;50;9691740721;S
20240222;100046;282.670000000;10;9691740722;S
20240222;100046;282.740000000;150;9691740737;B
20240222;100048;282.750000000;800;9691741170;B
20240222;100048;282.660000000;20;9691741172;S
20240222;100048;282.750000000;20;9691741217;B
20240222;100048;282.750000000;100;9691741257;B
20240222;100048;282.750000000;100;9691741258;B
20240222;100048;282.750000000;100;9691741259;B
20240222;100048;282.750000000;200;9691741261;B
20240222;100048;282.750000000;100;9691741262;B
20240222;100048;282.750000000;100;9691741263;B
20240222;100048;282.750000000;100;9691741269;B
20240222;100048;282.710000000;20;9691741270;S
20240222;100048;282.750000000;100;9691741271;B
20240222;100048;282.750000000;100;9691741272;B
20240222;100048;282.750000000;100;9691741273;B
20240222;100048;282.750000000;30;9691741277;B
20240222;100048;282.750000000;70;9691741278;B
20240222;100048;282.750000000;100;9691741279;B
20240222;100048;282.750000000;100;9691741280;B
20240222;100048;282.750000000;100;9691741283;B
20240222;100048;282.750000000;100;9691741287;B
20240222;100048;282.750000000;100;9691741289;B
20240222;100048;282.750000000;100;9691741290;B
20240222;100048;282.750000000;100;9691741297;B
20240222;100048;282.790000000;400;9691741309;B
20240222;100048;282.800000000;100;9691741310;B
20240222;100048;282.800000000;100;9691741311;B
20240222;100048;282.800000000;100;9691741361;B
20240222;100049;282.800000000;400;9691741385;B
20240222;100049;282.790000000;20;9691741471;B
20240222;100049;282.720000000;400;9691741475;S
20240222;100049;282.710000000;1600;9691741476;S
20240222;100049;282.680000000;400;9691741553;S
20240222;100049;282.670000000;100;9691741554;S
20240222;100049;282.740000000;10;9691741592;B
20240222;100050;282.740000000;1500;9691741647;B
20240222;100050;282.740000000;400;9691741648;B
20240222;100050;282.750000000;1060;9691741649;B
20240222;100050;282.770000000;2000;9691741650;B
20240222;100050;282.780000000;2000;9691741651;B
20240222;100050;282.790000000;2000;9691741652;B
20240222;100050;282.800000000;2040;9691741653;B
20240222;100050;282.800000000;900;9691741696;B
20240222;100050;282.800000000;80;9691741697;B
20240222;100050;282.820000000;100;9691741706;B
20240222;100051;282.820000000;100;9691741817;B
20240222;100051;282.820000000;200;9691741870;B
20240222;100051;282.820000000;50;9691741940;B
20240222;100051;282.800000000;220;9691741941;S
20240222;100051;282.800000000;280;9691741942;S
20240222;100052;282.790000000;10;9691742004;S
20240222;100052;282.810000000;300;9691742043;B
20240222;100052;282.810000000;100;9691742044;B
20240222;100052;282.810000000;100;9691742045;B
20240222;100052;282.810000000;500;9691742046;B
20240222;100052;282.810000000;200;9691742048;B
20240222;100052;282.810000000;200;9691742049;B
20240222;100052;282.810000000;300;9691742050;B
20240222;100052;282.810000000;200;9691742053;B
20240222;100052;282.810000000;100;9691742054;B
20240222;100052;282.820000000;100;9691742056;B
20240222;100052;282.820000000;200;9691742058;B
20240222;100052;282.820000000;100;9691742061;B
20240222;100052;282.820000000;100;9691742064;B
20240222;100052;282.820000000;40;9691742065;B
20240222;100052;282.830000000;10;9691742066;B
20240222;100052;282.830000000;90;9691742067;B
20240222;100052;282.830000000;100;9691742068;B
20240222;100052;282.830000000;200;9691742069;B
20240222;100052;282.830000000;100;9691742070;B
20240222;100053;282.830000000;100;9691742272;B
20240222;100054;282.830000000;100;9691742359;B
20240222;100054;282.830000000;100;9691742365;B
20240222;100055;282.820000000;10;9691742565;S
20240222;100055;282.830000000;200;9691742669;B
20240222;100056;282.820000000;20;9691742820;S
20240222;100056;282.820000000;10;9691742848;S
20240222;100057;282.820000000;20;9691743159;S
20240222;100057;282.820000000;90;9691743160;S
20240222;100057;282.820000000;10;9691743229;S
20240222;100057;282.820000000;10;9691743230;S
20240222;100057;282.800000000;400;9691743231;S
20240222;100057;282.750000000;110;9691743232;S
20240222;100057;282.820000000;30;9691743234;B
20240222;100057;282.830000000;100;9691743254;B
20240222;100058;282.800000000;100;9691743276;S
20240222;100058;282.800000000;140;9691743277;S
20240222;100058;282.830000000;10;9691743302;B
20240222;100058;282.830000000;100;9691743314;B
20240222;100058;282.830000000;30;9691743319;B
20240222;100059;282.810000000;300;9691743569;B
20240222;100059;282.810000000;500;9691743570;B
20240222;100059;282.810000000;50;9691743571;B
20240222;100059;282.810000000;750;9691743572;B
20240222;100059;282.820000000;300;9691743587;B
20240222;100059;282.820000000;500;9691743588;B
20240222;100059;282.800000000;20;9691743671;S
20240222;100100;282.790000000;50;9691743766;S
20240222;100100;282.790000000;400;9691743820;S
20240222;100100;282.780000000;160;9691743821;S
20240222;100100;282.780000000;530;9691743822;S
20240222;100100;282.780000000;1090;9691743830;S
20240222;100100;282.720000000;10;9691743892;B
20240222;100100;282.700000000;10;9691743893;S
20240222;100100;282.700000000;200;9691743894;S
20240222;100100;282.710000000;10;9691743946;B
20240222;100100;282.670000000;20;9691743976;S
20240222;100100;282.670000000;20;9691743977;S
20240222;100101;282.710000000;10;9691743987;B
20240222;100102;282.660000000;10;9691744247;S
20240222;100103;282.700000000;10;9691744435;B
20240222;100103;282.710000000;10;9691744436;B
20240222;100103;282.660000000;10;9691744650;S
20240222;100104;282.730000000;10;9691744717;B
20240222;100104;282.660000000;10;9691744723;S
20240222;100104;282.730000000;50;9691744772;B
20240222;100104;282.730000000;200;9691744876;B
20240222;100104;282.730000000;50;9691744891;B
20240222;100104;282.740000000;10;9691744916;B
20240222;100104;282.750000000;40;9691744917;B
20240222;100104;282.750000000;10;9691744921;B
20240222;100104;282.750000000;1500;9691744922;B
20240222;100104;282.780000000;40;9691744926;S
20240222;100105;282.820000000;10;9691744985;B
20240222;100105;282.820000000;10;9691745020;B
20240222;100105;282.820000000;140;9691745075;B
20240222;100105;282.820000000;100;9691745131;B
20240222;100106;282.770000000;20;9691745294;S
20240222;100106;282.770000000;30;9691745308;S
20240222;100106;282.770000000;30;9691745384;S
20240222;100106;282.770000000;70;9691745418;S
20240222;100106;282.800000000;500;9691745419;B
20240222;100106;282.770000000;30;9691745444;S
20240222;100106;282.770000000;50;9691745525;S
20240222;100106;282.770000000;10;9691745526;S
20240222;100106;282.770000000;70;9691745533;S
20240222;100107;282.800000000;1000;9691745733;B
20240222;100107;282.750000000;30;9691745738;S
20240222;100107;282.760000000;140;9691745754;S
20240222;100107;282.760000000;400;9691745755;S
20240222;100107;282.750000000;360;9691745756;S
20240222;100107;282.740000000;1100;9691745757;S
20240222;100107;282.800000000;350;9691745934;B
20240222;100107;282.760000000;400;9691745949;S
20240222;100107;282.750000000;500;9691745950;S
20240222;100107;282.750000000;100;9691745951;S
20240222;100107;282.720000000;360;9691745952;S
20240222;100107;282.720000000;670;9691745953;S
20240222;100109;282.790000000;100;9691746297;B
20240222;100109;282.790000000;40;9691746456;B
20240222;100110;282.730000000;100;9691746655;S
20240222;100110;282.710000000;400;9691746656;S
20240222;100110;282.700000000;100;9691746657;S
20240222;100110;282.670000000;360;9691746658;S
20240222;100110;282.660000000;1060;9691746659;S
20240222;100110;282.650000000;150;9691746660;S
20240222;100110;282.640000000;440;9691746661;S
20240222;100110;282.730000000;10;9691746670;B
20240222;100110;282.630000000;50;9691746688;S
20240222;100110;282.630000000;10;9691746734;S
20240222;100110;282.740000000;100;9691746735;B
20240222;100110;282.740000000;10;9691746748;B
20240222;100110;282.740000000;150;9691746797;B
20240222;100111;282.740000000;10;9691746850;B
20240222;100111;282.700000000;10;9691746927;S
20240222;100111;282.690000000;10;9691747003;S
20240222;100112;282.720000000;180;9691747024;B
20240222;100112;282.720000000;10;9691747027;B
20240222;100112;282.720000000;40;9691747046;B
20240222;100112;282.720000000;170;9691747066;B
20240222;100112;282.720000000;1830;9691747067;B
20240222;100112;282.730000000;30;9691747137;B
20240222;100112;282.730000000;70;9691747138;B
20240222;100112;282.730000000;600;9691747237;B
20240222;100113;282.730000000;330;9691747314;B
20240222;100113;282.730000000;70;9691747315;B
20240222;100113;282.730000000;10;9691747322;B
20240222;100113;282.720000000;100;9691747339;S
20240222;100113;282.730000000;30;9691747352;S
20240222;100113;282.740000000;10;9691747417;B
20240222;100113;282.780000000;10;9691747418;B
20240222;100114;282.780000000;20;9691747433;B
20240222;100114;282.790000000;30;9691747434;B
20240222;100114;282.790000000;20;9691747531;B
20240222;100115;282.800000000;10;9691747718;B
20240222;100115;282.760000000;400;9691747729;S
20240222;100115;282.750000000;50;9691747730;S
20240222;100115;282.740000000;50;9691747731;S
20240222;100115;282.790000000;30;9691747744;B
20240222;100116;282.790000000;10;9691747776;B
20240222;100117;282.790000000;440;9691748125;B
20240222;100117;282.800000000;60;9691748126;B
20240222;100120;282.700000000;10;9691748955;S
20240222;100121;282.700000000;10;9691749073;S
20240222;100121;282.710000000;20;9691749078;B
20240222;100121;282.710000000;150;9691749115;B
20240222;100122;282.700000000;10;9691749230;S
20240222;100122;282.710000000;10;9691749252;B
20240222;100122;282.710000000;20;9691749294;B
20240222;100122;282.710000000;500;9691749305;B
20240222;100123;282.700000000;570;9691749544;S
20240222;100123;282.700000000;150;9691749545;S
20240222;100123;282.700000000;400;9691749546;S
20240222;100123;282.660000000;2000;9691749547;S
20240222;100123;282.620000000;880;9691749548;S
20240222;100123;282.690000000;50;9691749569;B
20240222;100124;282.630000000;400;9691749646;S
20240222;100124;282.630000000;360;9691749647;S
20240222;100124;282.620000000;1630;9691749648;S
20240222;100125;282.690000000;70;9691749924;B
20240222;100125;282.630000000;20;9691749969;S
20240222;100125;282.700000000;10;9691749970;B
20240222;100125;282.690000000;70;9691749971;B
20240222;100125;282.630000000;110;9691750018;S
20240222;100125;282.700000000;20;9691750023;B
20240222;100126;282.690000000;70;9691750092;B
20240222;100126;282.700000000;400;9691750140;B
20240222;100126;282.700000000;10;9691750157;B
20240222;100126;282.650000000;400;9691750193;B
20240222;100126;282.650000000;400;9691750194;S
20240222;100126;282.650000000;400;9691750195;B
20240222;100127;282.660000000;10;9691750288;B
20240222;100127;282.640000000;10;9691750313;S
20240222;100128;282.660000000;100;9691750525;B
20240222;100128;282.700000000;10;9691750581;B
20240222;100128;282.700000000;10;9691750620;B
20240222;100128;282.700000000;10;9691750641;B
20240222;100129;282.700000000;10;9691750709;B
20240222;100129;282.680000000;10;9691750790;S
20240222;100129;282.670000000;90;9691750791;S
20240222;100129;282.690000000;40;9691750795;B
20240222;100129;282.670000000;270;9691750811;S
20240222;100129;282.670000000;230;9691750812;S
20240222;100129;282.690000000;190;9691750814;B
20240222;100130;282.700000000;10;9691750943;B
20240222;100130;282.700000000;20;9691750973;B
20240222;100131;282.700000000;10;9691751077;B
20240222;100132;282.700000000;20;9691751335;B
20240222;100132;282.690000000;10;9691751440;S
20240222;100133;282.690000000;200;9691751534;S
20240222;100133;282.690000000;390;9691751536;S
20240222;100133;282.640000000;140;9691751541;S
20240222;100133;282.640000000;10;9691751542;S
20240222;100133;282.650000000;10;9691751554;B
20240222;100133;282.630000000;100;9691751602;S
20240222;100133;282.630000000;200;9691751603;S
20240222;100133;282.620000000;50;9691751619;S
20240222;100133;282.630000000;100;9691751633;B
20240222;100133;282.640000000;780;9691751634;B
20240222;100134;282.630000000;10;9691751762;B
20240222;100134;282.630000000;440;9691751844;B
20240222;100135;282.630000000;50;9691751958;B
20240222;100135;282.620000000;5330;9691751959;S
20240222;100135;282.620000000;490;9691751960;S
20240222;100135;282.620000000;330;9691751961;S
20240222;100135;282.620000000;420;9691751962;S
20240222;100135;282.620000000;930;9691751963;S
20240222;100135;282.620000000;1680;9691751964;S
20240222;100135;282.620000000;1440;9691751965;S
20240222;100135;282.630000000;10;9691751984;B
20240222;100135;282.620000000;30;9691751985;S
20240222;100135;282.620000000;20;9691751986;S
20240222;100135;282.620000000;140;9691751987;S
20240222;100135;282.620000000;100;9691752143;S
20240222;100135;282.620000000;360;9691752176;S
20240222;100135;282.620000000;60;9691752177;S
20240222;100135;282.620000000;20;9691752178;S
20240222;100135;282.620000000;30;9691752225;S
20240222;100135;282.620000000;20;9691752226;S
20240222;100135;282.620000000;240;9691752227;S
20240222;100135;282.630000000;550;9691752249;B
20240222;100135;282.630000000;450;9691752250;B
20240222;100136;282.620000000;10;9691752306;S
20240222;100136;282.630000000;1000;9691752490;B
20240222;100136;282.630000000;300;9691752491;B
20240222;100136;282.630000000;2000;9691752492;B
20240222;100136;282.630000000;500;9691752493;B
20240222;100136;282.630000000;200;9691752494;B
20240222;100136;282.630000000;160;9691752495;B
20240222;100136;282.630000000;40;9691752496;B
20240222;100136;282.630000000;360;9691752497;B
20240222;100136;282.630000000;1640;9691752498;B
20240222;100136;282.630000000;300;9691752576;B
20240222;100136;282.630000000;60;9691752577;B
20240222;100136;282.630000000;640;9691752578;B
20240222;100136;282.630000000;500;9691752579;B
20240222;100137;282.640000000;100;9691752586;S
20240222;100137;282.620000000;10;9691752587;S
20240222;100137;282.680000000;10;9691752617;B
20240222;100137;282.670000000;20;9691752667;B
20240222;100138;282.640000000;20;9691752889;S
20240222;100138;282.660000000;10;9691752933;B
20240222;100139;282.660000000;10;9691753023;B
20240222;100140;282.660000000;300;9691753205;B
20240222;100140;282.670000000;1060;9691753206;B
20240222;100140;282.680000000;500;9691753207;B
20240222;100140;282.690000000;1000;9691753208;B
20240222;100140;282.700000000;150;9691753209;B
20240222;100140;282.700000000;1200;9691753210;B
20240222;100140;282.700000000;30;9691753211;B
20240222;100140;282.700000000;400;9691753212;B
20240222;100140;282.710000000;360;9691753213;B
20240222;100140;282.700000000;130;9691753305;B
20240222;100140;282.710000000;400;9691753306;B
20240222;100140;282.710000000;540;9691753307;B
20240222;100140;282.730000000;100;9691753308;B
20240222;100140;282.730000000;60;9691753309;B
20240222;100141;282.760000000;10;9691753324;B
20240222;100141;282.790000000;400;9691753366;S
20240222;100141;282.780000000;200;9691753367;S
20240222;100141;282.770000000;400;9691753506;S
20240222;100141;282.760000000;120;9691753507;S
20240222;100142;282.740000000;20;9691753531;S
20240222;100142;282.780000000;360;9691753543;B
20240222;100142;282.790000000;150;9691753544;B
20240222;100142;282.790000000;1060;9691753545;B
20240222;100142;282.800000000;430;9691753546;B
20240222;100142;282.760000000;20;9691753562;S
20240222;100142;282.780000000;90;9691753601;S
20240222;100142;282.780000000;30;9691753624;S
20240222;100142;282.800000000;100;9691753626;B
20240222;100142;282.760000000;100;9691753673;S
20240222;100142;282.780000000;100;9691753677;B
20240222;100143;282.790000000;10;9691753751;B
20240222;100143;282.770000000;100;9691753789;B
20240222;100143;282.770000000;10;9691753825;B
20240222;100143;282.770000000;10;9691753842;B
20240222;100143;282.770000000;30;9691753867;B
20240222;100143;282.770000000;180;9691753868;B
20240222;100144;282.780000000;10;9691754016;B
20240222;100144;282.740000000;10;9691754168;S
20240222;100145;282.740000000;580;9691754227;S
20240222;100145;282.760000000;30;9691754249;B
20240222;100146;282.740000000;10;9691754408;S
20240222;100146;282.750000000;400;9691754409;S
20240222;100146;282.740000000;490;9691754410;S
20240222;100146;282.740000000;1110;9691754411;S
20240222;100146;282.760000000;40;9691754422;B
20240222;100146;282.760000000;10;9691754446;B
20240222;100146;282.710000000;10;9691754470;S
20240222;100146;282.700000000;190;9691754471;S
20240222;100146;282.710000000;310;9691754564;S
20240222;100147;282.760000000;10;9691754642;B
20240222;100147;282.750000000;10;9691754704;B
20240222;100147;282.750000000;100;9691754706;B
20240222;100147;282.740000000;10;9691754744;S
20240222;100148;282.740000000;1990;9691754979;S
20240222;100148;282.740000000;1010;9691754980;S
20240222;100149;282.720000000;500;9691755150;S
20240222;100150;282.740000000;200;9691755237;B
20240222;100151;282.740000000;10;9691755479;B
20240222;100152;282.710000000;20;9691755545;S
20240222;100153;282.720000000;10;9691755754;B
20240222;100153;282.720000000;100;9691755839;B
20240222;100153;282.720000000;70;9691755894;B
20240222;100153;282.710000000;20;9691755895;S
20240222;100153;282.710000000;460;9691755959;S
20240222;100153;282.700000000;240;9691755960;S
20240222;100153;282.720000000;110;9691755981;B
20240222;100154;282.720000000;10;9691756035;B
20240222;100155;282.720000000;390;9691756415;B
20240222;100155;282.730000000;110;9691756416;B
20240222;100155;282.700000000;10;9691756473;S
20240222;100156;282.700000000;560;9691756610;S
20240222;100156;282.700000000;100;9691756611;S
20240222;100156;282.700000000;30;9691756612;S
20240222;100156;282.700000000;500;9691756613;S
20240222;100156;282.700000000;10;9691756614;S
20240222;100156;282.700000000;150;9691756615;S
20240222;100156;282.690000000;20;9691756702;S
20240222;100156;282.660000000;70;9691756703;S
20240222;100157;282.700000000;100;9691756867;B
20240222;100157;282.690000000;500;9691756945;B
20240222;100157;282.690000000;360;9691756946;B
20240222;100157;282.690000000;140;9691756947;B
20240222;100157;282.690000000;220;9691756948;B
20240222;100157;282.700000000;180;9691756949;B
20240222;100157;282.700000000;380;9691756950;B
20240222;100157;282.700000000;120;9691756951;B
20240222;100157;282.700000000;300;9691756952;B
20240222;100158;282.650000000;20;9691757019;S
20240222;100158;282.690000000;360;9691757147;B
20240222;100158;282.700000000;1680;9691757148;B
20240222;100158;282.720000000;2000;9691757149;B
20240222;100158;282.730000000;500;9691757150;B
20240222;100158;282.750000000;50;9691757151;B
20240222;100158;282.750000000;410;9691757152;B
20240222;100158;282.750000000;90;9691757173;B
20240222;100159;282.750000000;160;9691757253;S
20240222;100159;282.760000000;500;9691757301;B
20240222;100159;282.760000000;100;9691757302;B
20240222;100159;282.760000000;10;9691757394;B
20240222;100200;282.760000000;10;9691757746;B
20240222;100200;282.760000000;10;9691757768;B
20240222;100200;282.750000000;500;9691757798;S
20240222;100200;282.760000000;10;9691757819;B
20240222;100201;282.760000000;920;9691758158;B
20240222;100201;282.770000000;150;9691758159;B
20240222;100201;282.780000000;500;9691758160;B
20240222;100201;282.800000000;2330;9691758161;B
20240222;100202;282.800000000;10;9691758282;B
20240222;100202;282.800000000;500;9691758346;B
20240222;100203;282.780000000;360;9691758674;S
20240222;100203;282.780000000;400;9691758675;S
20240222;100203;282.770000000;1240;9691758676;S
20240222;100204;282.790000000;150;9691758821;B
20240222;100204;282.800000000;10;9691758879;B
20240222;100204;282.800000000;500;9691758907;B
20240222;100204;282.800000000;50;9691758910;B
20240222;100204;282.800000000;100;9691758911;B
20240222;100204;282.800000000;70;9691758957;B
20240222;100204;282.800000000;30;9691758970;B
20240222;100204;282.820000000;10;9691758971;B
20240222;100204;282.820000000;10;9691758972;B
20240222;100204;282.830000000;20;9691758973;B
20240222;100205;282.830000000;20;9691759063;B
20240222;100205;282.830000000;20;9691759128;B
20240222;100205;282.830000000;50;9691759181;B
20240222;100205;282.830000000;160;9691759188;B
20240222;100205;282.830000000;180;9691759194;B
20240222;100206;282.830000000;200;9691759277;B
20240222;100206;282.830000000;300;9691759282;B
20240222;100206;282.830000000;100;9691759287;B
20240222;100207;282.830000000;100;9691759472;B
20240222;100207;282.830000000;10;9691759475;B
20240222;100207;282.830000000;10;9691759495;B
20240222;100207;282.830000000;90;9691759496;B
20240222;100207;282.840000000;80;9691759580;B
20240222;100207;282.840000000;60;9691759581;B
20240222;100207;282.840000000;10;9691759601;B
20240222;100207;282.840000000;250;9691759642;B
20240222;100207;282.840000000;20;9691759649;B
20240222;100208;282.840000000;20;9691759690;B
20240222;100209;282.840000000;20;9691759970;B
20240222;100209;282.830000000;40;9691760122;S
20240222;100210;282.830000000;50;9691760191;S
20240222;100210;282.830000000;200;9691760196;S
20240222;100210;282.830000000;10;9691760267;S
20240222;100210;282.830000000;1990;9691760268;S
20240222;100211;282.840000000;400;9691760353;B
20240222;100211;282.840000000;220;9691760403;B
20240222;100211;282.840000000;500;9691760416;S
20240222;100211;282.850000000;10;9691760504;B
20240222;100211;282.850000000;10;9691760505;B
20240222;100212;282.850000000;200;9691760738;B
20240222;100213;282.850000000;240;9691760810;B
20240222;100213;282.850000000;500;9691760811;B
20240222;100213;282.890000000;100;9691760812;B
20240222;100213;282.890000000;100;9691760813;B
20240222;100213;282.890000000;200;9691760814;B
20240222;100213;282.890000000;10;9691760823;S
20240222;100213;282.900000000;10;9691760837;B
20240222;100213;282.890000000;170;9691760965;S
20240222;100213;282.890000000;300;9691760990;S
20240222;100214;282.900000000;30;9691761000;B
20240222;100214;282.900000000;170;9691761001;B
20240222;100214;282.900000000;1800;9691761002;B
20240222;100214;282.900000000;30;9691761003;B
20240222;100214;282.910000000;10;9691761010;B
20240222;100214;282.900000000;500;9691761017;S
20240222;100214;282.900000000;10;9691761019;S
20240222;100214;282.910000000;10;9691761069;B
20240222;100214;282.910000000;80;9691761152;B
20240222;100214;282.910000000;680;9691761153;B
20240222;100214;282.920000000;20;9691761209;B
20240222;100214;282.950000000;10;9691761219;B
20240222;100214;282.950000000;10;9691761220;B
20240222;100214;282.980000000;150;9691761221;B
20240222;100214;282.990000000;30;9691761222;B
20240222;100214;282.990000000;280;9691761229;B
20240222;100214;282.920000000;110;9691761290;S
20240222;100215;282.990000000;80;9691761426;B
20240222;100215;282.950000000;50;9691761435;S
20240222;100215;282.990000000;2000;9691761570;B
20240222;100215;283.000000000;100;9691761571;B
20240222;100215;283.000000000;10;9691761572;B
20240222;100215;283.000000000;800;9691761573;B
20240222;100215;283.000000000;10;9691761574;B
20240222;100215;283.000000000;80;9691761575;B
20240222;100215;283.000000000;40;9691761576;B
20240222;100215;283.000000000;50;9691761577;B
20240222;100215;283.000000000;300;9691761578;B
20240222;100215;283.000000000;220;9691761579;B
20240222;100215;283.000000000;30;9691761580;B
20240222;100215;283.000000000;10;9691761581;B
20240222;100215;283.030000000;60;9691761588;B
20240222;100215;283.030000000;1060;9691761589;B
20240222;100215;283.040000000;10;9691761607;B
20240222;100215;283.020000000;400;9691761621;S
20240222;100215;283.010000000;360;9691761622;S
20240222;100215;283.000000000;1350;9691761623;S
20240222;100215;283.040000000;100;9691761647;B
20240222;100215;283.050000000;350;9691761648;B
20240222;100215;283.000000000;10;9691761688;S
20240222;100216;283.010000000;50;9691761750;S
20240222;100216;283.010000000;200;9691761897;S
20240222;100216;283.050000000;10;9691761929;B
20240222;100217;283.050000000;390;9691761995;B
20240222;100217;283.060000000;220;9691761996;B
20240222;100217;283.060000000;10;9691761997;B
20240222;100217;283.060000000;600;9691761998;B
20240222;100217;283.080000000;1050;9691761999;B
20240222;100217;283.100000000;10;9691762000;B
20240222;100217;283.100000000;100;9691762001;B
20240222;100217;283.110000000;400;9691762002;B
20240222;100217;283.110000000;10;9691762003;B
20240222;100217;283.110000000;220;9691762004;B
20240222;100217;283.120000000;500;9691762005;B
20240222;100217;283.130000000;840;9691762006;B
20240222;100217;283.130000000;50;9691762007;B
20240222;100217;283.130000000;410;9691762008;B
20240222;100217;283.020000000;50;9691762062;S
20240222;100217;283.020000000;400;9691762144;S
20240222;100217;283.010000000;2100;9691762145;S
20240222;100217;283.010000000;1220;9691762146;S
20240222;100217;283.010000000;360;9691762147;S
20240222;100217;283.000000000;2920;9691762148;S
20240222;100218;283.080000000;70;9691762242;B
20240222;100218;283.120000000;340;9691762244;B
20240222;100218;283.130000000;400;9691762252;B
20240222;100218;283.140000000;100;9691762253;B
20240222;100218;283.140000000;50;9691762254;B
20240222;100218;283.140000000;450;9691762255;B
20240222;100218;283.000000000;150;9691762478;S
20240222;100219;283.000000000;330;9691762531;S
20240222;100219;283.040000000;400;9691762611;B
20240222;100219;283.050000000;100;9691762612;B
20240222;100219;283.000000000;90;9691762640;S
20240222;100219;282.960000000;20;9691762641;S
20240222;100219;282.940000000;500;9691762642;S
20240222;100219;282.990000000;10;9691762718;S
20240222;100219;283.050000000;60;9691762748;B
20240222;100220;283.050000000;80;9691762811;B
20240222;100220;283.060000000;140;9691762836;B
20240222;100220;283.030000000;10;9691763068;S
20240222;100221;283.050000000;50;9691763124;B
20240222;100221;283.030000000;10;9691763169;S
20240222;100221;283.050000000;50;9691763208;B
20240222;100221;283.050000000;220;9691763211;B
20240222;100221;283.030000000;30;9691763242;S
20240222;100221;283.010000000;20;9691763243;S
20240222;100221;283.000000000;20;9691763244;B
20240222;100221;283.010000000;400;9691763245;S
20240222;100221;283.050000000;80;9691763247;B
20240222;100221;283.050000000;320;9691763248;B
20240222;100221;283.050000000;50;9691763296;S
20240222;100222;283.050000000;30;9691763348;B
20240222;100222;283.020000000;50;9691763380;B
20240222;100222;283.060000000;70;9691763480;B
20240222;100222;283.040000000;20;9691763496;B
20240222;100222;283.060000000;50;9691763538;B
20240222;100223;283.060000000;80;9691763631;B
20240222;100223;283.060000000;80;9691763662;B
20240222;100223;283.060000000;50;9691763683;B
20240222;100223;283.020000000;120;9691763715;S
20240222;100223;283.060000000;10;9691763818;B
20240222;100223;283.060000000;20;9691763857;B
20240222;100223;283.020000000;100;9691763989;S
20240222;100223;283.090000000;400;9691763992;B
20240222;100223;283.090000000;10;9691763993;B
20240222;100223;283.090000000;390;9691763994;B
20240222;100223;283.100000000;100;9691763995;B
20240222;100223;283.120000000;400;9691764028;B
20240222;100223;283.120000000;20;9691764029;B
20240222;100224;283.110000000;140;9691764108;B
20240222;100224;283.120000000;30;9691764188;B
20240222;100224;283.060000000;10;9691764205;S
20240222;100225;283.060000000;20;9691764344;S
20240222;100225;283.110000000;20;9691764360;B
20240222;100225;283.130000000;10;9691764381;B
20240222;100225;283.140000000;400;9691764462;B
20240222;100225;283.150000000;20;9691764463;B
20240222;100225;283.150000000;190;9691764464;B
20240222;100225;283.090000000;50;9691764486;S
20240222;100225;283.140000000;10;9691764490;B
20240222;100226;283.130000000;50;9691764621;B
20240222;100226;283.130000000;400;9691764622;B
20240222;100226;283.150000000;2350;9691764623;B
20240222;100226;283.150000000;500;9691764627;B
20240222;100226;283.150000000;10;9691764637;B
20240222;100226;283.150000000;10;9691764640;B
20240222;100226;283.150000000;100;9691764673;B
20240222;100226;283.090000000;40;9691764714;S
20240222;100227;283.110000000;2000;9691764821;B
20240222;100227;283.110000000;30;9691764913;B
20240222;100227;283.110000000;1540;9691764938;B
20240222;100227;283.110000000;30;9691764946;B
20240222;100228;283.110000000;400;9691765087;B
20240222;100228;283.140000000;500;9691765088;B
20240222;100228;283.150000000;49100;9691765089;B
20240222;100228;283.150000000;50;9691765152;B
20240222;100228;283.150000000;10;9691765258;B
20240222;100229;283.130000000;10;9691765545;S
20240222;100229;283.150000000;10;9691765550;B
20240222;100230;283.140000000;30;9691765639;S
20240222;100230;283.140000000;2000;9691765667;S
20240222;100231;283.150000000;210;9691765913;B
20240222;100231;283.150000000;10;9691766073;B
20240222;100231;283.150000000;60;9691766089;B
20240222;100232;283.150000000;70;9691766141;B
20240222;100232;283.150000000;100;9691766242;B
20240222;100232;283.150000000;90;9691766277;B
20240222;100232;283.140000000;100;9691766344;S
20240222;100232;283.150000000;10;9691766348;B
20240222;100233;283.140000000;80;9691766568;S
20240222;100233;283.140000000;20;9691766635;S
20240222;100233;283.140000000;50;9691766636;S
20240222;100233;283.140000000;2000;9691766637;B
20240222;100233;283.140000000;40;9691766638;S
20240222;100233;283.130000000;100;9691766639;S
20240222;100233;283.110000000;50;9691766640;S
20240222;100233;283.080000000;10;9691766641;S
20240222;100233;283.080000000;50;9691766642;S
20240222;100233;283.060000000;70;9691766643;S
20240222;100233;283.060000000;20;9691766644;S
20240222;100233;283.050000000;50;9691766645;S
20240222;100233;283.020000000;10;9691766646;S
20240222;100233;283.040000000;130;9691766647;S
20240222;100233;283.050000000;120;9691766648;S
20240222;100233;283.050000000;20;9691766649;S
20240222;100233;283.050000000;30;9691766650;S
20240222;100233;283.050000000;20;9691766651;S
20240222;100233;283.020000000;70;9691766652;S
20240222;100233;283.030000000;30;9691766653;S
20240222;100233;283.030000000;110;9691766658;S
20240222;100233;283.030000000;20;9691766665;S
20240222;100233;283.030000000;70;9691766666;S
20240222;100233;283.090000000;10;9691766716;B
20240222;100233;283.030000000;200;9691766721;S
20240222;100233;283.090000000;20;9691766724;B
20240222;100234;283.100000000;100;9691766809;B
20240222;100234;283.050000000;10;9691766832;S
20240222;100234;283.100000000;260;9691766843;B
20240222;100234;283.100000000;360;9691766844;B
20240222;100234;283.100000000;2000;9691766845;B
20240222;100234;283.110000000;2000;9691766846;B
20240222;100234;283.120000000;1050;9691766847;B
20240222;100234;283.120000000;400;9691766848;B
20240222;100235;283.130000000;100;9691766994;S
20240222;100235;283.140000000;190;9691767000;B
20240222;100235;283.140000000;50;9691767122;B
20240222;100236;283.130000000;10;9691767198;S
20240222;100236;283.140000000;10;9691767273;B
20240222;100236;283.140000000;10;9691767314;B
20240222;100236;283.140000000;10;9691767315;B
20240222;100237;283.130000000;10;9691767460;S
20240222;100237;283.140000000;10;9691767542;B
20240222;100237;283.150000000;50;9691767554;B
20240222;100238;283.150000000;40;9691767629;B
20240222;100238;283.150000000;150;9691767699;B
20240222;100239;283.150000000;30;9691767951;B
20240222;100239;283.150000000;100;9691768214;B
20240222;100239;283.140000000;20;9691768240;S
20240222;100239;283.140000000;150;9691768241;S
20240222;100239;283.130000000;4830;9691768242;S
20240222;100239;283.130000000;10;9691768256;S
20240222;100240;283.150000000;360;9691768343;B
20240222;100240;283.150000000;40;9691768344;B
20240222;100240;283.150000000;660;9691768486;B
20240222;100240;283.150000000;3000;9691768490;B
20240222;100241;283.150000000;20;9691768517;B
20240222;100241;283.150000000;2000;9691768546;B
20240222;100241;283.150000000;1000;9691768564;B
20240222;100241;283.150000000;150;9691768582;B
20240222;100241;283.150000000;100;9691768584;B
20240222;100241;283.140000000;40;9691768711;S
20240222;100241;283.140000000;250;9691768725;S
20240222;100242;283.150000000;10;9691768806;B
20240222;100242;283.140000000;40;9691768828;S
20240222;100242;283.150000000;100;9691768843;B
20240222;100242;283.150000000;200;9691768905;B
20240222;100243;283.150000000;80;9691769010;B
20240222;100243;283.140000000;460;9691769049;S
20240222;100243;283.140000000;40;9691769050;S
20240222;100243;283.140000000;10;9691769071;S
20240222;100243;283.130000000;20;9691769072;S
20240222;100244;283.140000000;360;9691769146;S
20240222;100244;283.140000000;10;9691769221;B
20240222;100244;283.140000000;10;9691769298;B
20240222;100244;283.130000000;150;9691769383;S
20240222;100245;283.140000000;10;9691769643;B
20240222;100245;283.130000000;960;9691769661;S
20240222;100246;283.140000000;10;9691769775;B
20240222;100246;283.140000000;600;9691769838;B
20240222;100246;283.140000000;290;9691769839;B
20240222;100246;283.140000000;360;9691769840;B
20240222;100246;283.140000000;500;9691769841;B
20240222;100246;283.150000000;250;9691769842;B
20240222;100246;283.150000000;10;9691769893;B
20240222;100246;283.140000000;150;9691769906;S
20240222;100247;283.140000000;10;9691769984;S
20240222;100247;283.150000000;10;9691770163;B
20240222;100248;283.140000000;890;9691770235;S
20240222;100248;283.130000000;1220;9691770236;S
20240222;100248;283.140000000;30;9691770243;B
20240222;100248;283.140000000;310;9691770287;B
20240222;100248;283.150000000;250;9691770288;B
20240222;100248;283.130000000;280;9691770307;S
20240222;100248;283.130000000;3500;9691770309;S
20240222;100248;283.140000000;10;9691770355;B
20240222;100249;283.140000000;100;9691770507;B
20240222;100249;283.130000000;3500;9691770530;S
20240222;100249;283.140000000;200;9691770540;B
20240222;100249;283.130000000;1590;9691770588;S
20240222;100249;283.140000000;130;9691770677;B
20240222;100250;283.140000000;230;9691770715;B
20240222;100250;283.150000000;770;9691770716;B
20240222;100250;283.140000000;60;9691770730;B
20240222;100250;283.150000000;10;9691770773;B
20240222;100250;283.150000000;980;9691770820;B
20240222;100250;283.130000000;50;9691770837;S
20240222;100251;283.150000000;10;9691770882;B
20240222;100251;283.130000000;10;9691770883;S
20240222;100251;283.150000000;10;9691770901;B
20240222;100251;283.150000000;10;9691770940;B
20240222;100251;283.150000000;10;9691770959;B
20240222;100252;283.140000000;20;9691771108;B
20240222;100252;283.130000000;60;9691771158;S
20240222;100253;283.140000000;10;9691771354;B
20240222;100253;283.140000000;270;9691771424;B
20240222;100253;283.140000000;10;9691771472;B
20240222;100253;283.130000000;20;9691771524;S
20240222;100253;283.130000000;7000;9691771529;S
20240222;100254;283.140000000;750;9691771832;B
20240222;100254;283.140000000;750;9691771856;B
20240222;100254;283.130000000;2000;9691771881;S
20240222;100255;283.140000000;190;9691771906;B
20240222;100255;283.140000000;10;9691771907;B
20240222;100255;283.140000000;2000;9691771908;B
20240222;100255;283.140000000;10;9691771909;B
20240222;100255;283.150000000;10;9691771931;B
20240222;100255;283.150000000;750;9691771989;B
20240222;100255;283.150000000;750;9691771990;B
20240222;100255;283.140000000;10;9691772111;S
20240222;100255;283.150000000;4240;9691772138;B
20240222;100255;283.150000000;100;9691772155;B
20240222;100255;283.140000000;360;9691772159;S
20240222;100255;283.130000000;440;9691772160;S
20240222;100256;283.150000000;5000;9691772338;B
20240222;100256;283.150000000;10;9691772355;B
20240222;100256;283.150000000;2000;9691772366;B
20240222;100256;283.140000000;50;9691772367;S
20240222;100256;283.140000000;310;9691772391;S
20240222;100256;283.140000000;1690;9691772392;S
20240222;100256;283.150000000;40;9691772413;B
20240222;100257;283.150000000;10;9691772488;B
20240222;100257;283.150000000;1000;9691772506;B
20240222;100257;283.150000000;700;9691772507;B
20240222;100258;283.150000000;10;9691772691;B
20240222;100258;283.140000000;600;9691772829;S
20240222;100259;283.150000000;10;9691772948;B
20240222;100259;283.140000000;1000;9691773065;S
20240222;100259;283.150000000;50;9691773097;B
20240222;100300;283.150000000;10;9691773118;B
20240222;100300;283.150000000;10;9691773300;B
20240222;100300;283.150000000;20;9691773338;B
20240222;100301;283.150000000;700;9691773604;B
20240222;100302;283.140000000;100;9691773637;S
20240222;100303;283.150000000;20;9691773910;B
20240222;100303;283.150000000;1000;9691773990;B
20240222;100303;283.150000000;300;9691773991;B
20240222;100303;283.150000000;260;9691773995;B
20240222;100303;283.150000000;10;9691774111;B
20240222;100303;283.140000000;50;9691774114;S
20240222;100303;283.150000000;10;9691774189;B
20240222;100304;283.140000000;10;9691774285;S
20240222;100304;283.150000000;20;9691774287;B
20240222;100304;283.150000000;90;9691774303;B
20240222;100304;283.150000000;10;9691774304;B
20240222;100304;283.150000000;10;9691774305;B
20240222;100304;283.150000000;40;9691774306;B
20240222;100304;283.150000000;500;9691774307;B
20240222;100304;283.150000000;170;9691774308;B
20240222;100304;283.150000000;280;9691774309;B
20240222;100304;283.140000000;5000;9691774316;S
20240222;100304;283.140000000;50;9691774382;S
20240222;100304;283.140000000;500;9691774388;S
20240222;100305;283.140000000;40;9691774516;S
20240222;100305;283.150000000;200;9691774564;B
20240222;100305;283.150000000;420;9691774609;B
20240222;100305;283.160000000;10;9691774610;B
20240222;100305;283.160000000;50;9691774611;B
20240222;100305;283.200000000;20;9691774612;B
20240222;100305;283.200000000;200;9691774654;B
20240222;100305;283.190000000;10;9691774675;B
20240222;100306;283.150000000;100;9691774690;S
20240222;100306;283.180000000;20;9691774748;S
20240222;100307;283.190000000;50;9691774924;S
20240222;100307;283.200000000;500;9691774976;B
20240222;100307;283.200000000;50;9691775012;B
20240222;100307;283.190000000;150;9691775059;S
20240222;100307;283.200000000;70;9691775076;B
20240222;100307;283.190000000;30;9691775100;S
20240222;100307;283.190000000;50;9691775107;S
20240222;100308;283.200000000;1360;9691775136;B
20240222;100308;283.200000000;50;9691775137;B
20240222;100308;283.190000000;10;9691775153;S
20240222;100308;283.200000000;20;9691775219;B
20240222;100309;283.200000000;120;9691775411;B
20240222;100309;283.200000000;2420;9691775436;B
20240222;100309;283.200000000;80;9691775437;B
20240222;100310;283.200000000;960;9691775539;B
20240222;100310;283.210000000;4040;9691775540;B
20240222;100310;283.210000000;380;9691775588;B
20240222;100311;283.200000000;10;9691775664;S
20240222;100311;283.200000000;40;9691775665;S
20240222;100311;283.210000000;20;9691775676;B
20240222;100311;283.250000000;10;9691775677;B
20240222;100311;283.250000000;110;9691775678;B
20240222;100311;283.250000000;10;9691775772;B
20240222;100311;283.250000000;10;9691775843;B
20240222;100311;283.230000000;50;9691775859;S
20240222;100313;283.250000000;10;9691776154;B
20240222;100313;283.250000000;80;9691776161;B
20240222;100313;283.270000000;50;9691776162;B
20240222;100313;283.280000000;180;9691776163;B
20240222;100313;283.230000000;100;9691776290;S
20240222;100314;283.260000000;50;9691776382;B
20240222;100314;283.270000000;50;9691776383;B
20240222;100315;283.260000000;20;9691776683;B
20240222;100316;283.250000000;10;9691777023;S
20240222;100316;283.260000000;500;9691777060;B
20240222;100316;283.260000000;800;9691777061;B
20240222;100316;283.260000000;730;9691777062;B
20240222;100316;283.270000000;270;9691777063;B
20240222;100316;283.270000000;300;9691777064;B
20240222;100316;283.260000000;400;9691777065;B
20240222;100317;283.270000000;10;9691777168;B
20240222;100317;283.260000000;10;9691777174;S
20240222;100318;283.270000000;300;9691777352;B
20240222;100318;283.280000000;30;9691777365;B
20240222;100318;283.280000000;1290;9691777376;B
20240222;100318;283.280000000;50;9691777377;B
20240222;100318;283.290000000;100;9691777378;B
20240222;100318;283.290000000;100;9691777379;B
20240222;100318;283.290000000;220;9691777380;B
20240222;100318;283.300000000;200;9691777381;B
20240222;100318;283.310000000;500;9691777382;B
20240222;100318;283.330000000;40;9691777383;B
20240222;100318;283.330000000;160;9691777384;B
20240222;100318;283.340000000;400;9691777386;S
20240222;100318;283.340000000;400;9691777449;S
20240222;100318;283.330000000;100;9691777450;S
20240222;100318;283.330000000;10;9691777458;S
20240222;100318;283.330000000;830;9691777480;S
20240222;100318;283.330000000;1050;9691777481;S
20240222;100318;283.320000000;120;9691777482;S
20240222;100318;283.350000000;10;9691777494;B
20240222;100318;283.330000000;20;9691777505;B
20240222;100318;283.340000000;10;9691777506;B
20240222;100319;283.340000000;10;9691777573;B
20240222;100319;283.330000000;40;9691777587;B
20240222;100319;283.290000000;100;9691777622;S
20240222;100319;283.290000000;300;9691777730;S
20240222;100319;283.290000000;1050;9691777731;S
20240222;100319;283.280000000;200;9691777732;S
20240222;100319;283.260000000;190;9691777733;S
20240222;100319;283.260000000;300;9691777734;S
20240222;100319;283.260000000;100;9691777735;S
20240222;100319;283.240000000;2000;9691777736;S
20240222;100319;283.230000000;360;9691777737;S
20240222;100319;283.320000000;10;9691777766;B
20240222;100319;283.230000000;50;9691777778;S
20240222;100320;283.310000000;200;9691777817;B
20240222;100320;283.230000000;30;9691777915;S
20240222;100320;283.230000000;10;9691777982;S
20240222;100320;283.310000000;170;9691778100;B
20240222;100320;283.330000000;50;9691778101;B
20240222;100320;283.350000000;130;9691778102;B
20240222;100320;283.290000000;50;9691778140;B
20240222;100321;283.260000000;50;9691778279;S
20240222;100321;283.300000000;10;9691778314;B
20240222;100321;283.300000000;40;9691778339;B
20240222;100322;283.310000000;100;9691778367;S
20240222;100322;283.350000000;110;9691778509;B
20240222;100322;283.350000000;10;9691778510;B
20240222;100322;283.360000000;40;9691778511;B
20240222;100323;283.310000000;10;9691778623;S
20240222;100324;283.320000000;10;9691778862;B
20240222;100324;283.360000000;30;9691778863;B
20240222;100324;283.360000000;30;9691778878;B
20240222;100324;283.360000000;100;9691778879;B
20240222;100324;283.360000000;170;9691778931;B
20240222;100324;283.380000000;150;9691778932;B
20240222;100324;283.390000000;20;9691778933;B
20240222;100324;283.390000000;10;9691778934;B
20240222;100324;283.390000000;30;9691778943;B
20240222;100324;283.390000000;2000;9691778944;B
20240222;100324;283.400000000;2000;9691778945;B
20240222;100324;283.400000000;200;9691778946;B
20240222;100324;283.400000000;10;9691778947;B
20240222;100324;283.410000000;1000;9691778948;B
20240222;100324;283.410000000;400;9691778949;B
20240222;100324;283.420000000;2000;9691778950;B
20240222;100324;283.420000000;50;9691778951;B
20240222;100324;283.440000000;10;9691778952;B
20240222;100324;283.440000000;50;9691778953;B
20240222;100324;283.450000000;10;9691778954;B
20240222;100324;283.450000000;3200;9691778955;B
20240222;100324;283.450000000;1050;9691778956;B
20240222;100324;283.460000000;5000;9691778957;B
20240222;100324;283.460000000;50;9691778958;B
20240222;100324;283.470000000;3000;9691778959;B
20240222;100324;283.470000000;10000;9691778960;B
20240222;100324;283.470000000;10;9691778961;B
20240222;100324;283.470000000;2000;9691778962;B
20240222;100324;283.470000000;2000;9691778963;B
20240222;100324;283.480000000;50;9691778964;B
20240222;100324;283.480000000;2000;9691778965;B
20240222;100324;283.490000000;10;9691778966;B
20240222;100324;283.490000000;10000;9691778967;B
20240222;100324;283.490000000;500;9691778968;B
20240222;100324;283.500000000;10;9691778969;B
20240222;100324;283.500000000;10;9691778970;B
20240222;100324;283.500000000;200;9691778971;B
20240222;100324;283.500000000;1500;9691778972;B
20240222;100324;283.500000000;1200;9691778973;B
20240222;100324;283.500000000;20;9691778974;B
20240222;100324;283.500000000;100;9691778975;B
20240222;100324;283.500000000;10;9691778976;B
20240222;100324;283.500000000;50;9691778977;B
20240222;100324;283.520000000;100;9691778978;B
20240222;100324;283.520000000;2000;9691778979;B
20240222;100324;283.540000000;2000;9691778980;B
20240222;100324;283.550000000;10;9691778981;B
20240222;100324;283.550000000;220;9691778982;B
20240222;100324;283.550000000;6000;9691778983;B
20240222;100324;283.560000000;2000;9691778984;B
20240222;100324;283.590000000;40;9691778985;B
20240222;100324;283.600000000;200;9691778986;B
20240222;100324;283.600000000;150;9691778987;B
20240222;100324;283.600000000;220;9691778988;B
20240222;100324;283.600000000;6000;9691778989;B
20240222;100324;283.600000000;2000;9691778990;B
20240222;100324;283.630000000;350;9691778991;B
20240222;100324;283.630000000;10000;9691778992;B
20240222;100324;283.640000000;10;9691778993;B
20240222;100324;283.640000000;2000;9691778994;B
20240222;100324;283.640000000;2000;9691778995;B
20240222;100324;283.650000000;10;9691778996;B
20240222;100324;283.680000000;2000;9691778997;B
20240222;100324;283.680000000;50;9691778998;B
20240222;100324;283.680000000;2000;9691778999;B
20240222;100324;283.690000000;40;9691779000;B
20240222;100324;283.690000000;3000;9691779001;B
20240222;100324;283.700000000;300;9691779002;B
20240222;100324;283.700000000;200;9691779003;B
20240222;100324;283.700000000;50;9691779004;B
20240222;100324;283.720000000;360;9691779005;B
20240222;100324;283.730000000;10;9691779006;B
20240222;100324;283.730000000;10000;9691779007;B
20240222;100324;283.740000000;10;9691779008;B
20240222;100324;283.750000000;10;9691779009;B
20240222;100324;283.750000000;500;9691779010;B
20240222;100324;283.750000000;200;9691779011;B
20240222;100324;283.760000000;3000;9691779012;B
20240222;100324;283.760000000;10;9691779013;B
20240222;100324;283.770000000;10;9691779014;B
20240222;100324;283.780000000;150;9691779015;B
20240222;100324;283.780000000;1000;9691779016;B
20240222;100324;283.780000000;50;9691779017;B
20240222;100324;283.800000000;400;9691779018;B
20240222;100324;283.800000000;200;9691779019;B
20240222;100324;283.800000000;50;9691779020;B
20240222;100324;283.800000000;40;9691779021;B
20240222;100324;283.800000000;40;9691779022;B
20240222;100324;283.800000000;1000;9691779023;B
20240222;100324;283.800000000;500;9691779024;B
20240222;100324;283.800000000;250;9691779025;B
20240222;100324;283.830000000;20;9691779026;B
20240222;100324;283.830000000;50;9691779027;B
20240222;100324;283.830000000;20;9691779028;B
20240222;100324;283.830000000;3000;9691779029;B
20240222;100324;283.830000000;5000;9691779030;B
20240222;100324;283.850000000;10;9691779031;B
20240222;100324;283.850000000;220;9691779032;B
20240222;100324;283.870000000;1000;9691779033;B
20240222;100324;283.880000000;400;9691779034;B
20240222;100324;283.880000000;1000;9691779035;B
20240222;100324;283.880000000;500;9691779036;B
20240222;100324;283.880000000;1000;9691779037;B
20240222;100324;283.890000000;450;9691779038;B
20240222;100324;283.890000000;550;9691779039;B
20240222;100324;283.890000000;2000;9691779040;B
20240222;100324;283.890000000;20;9691779041;B
20240222;100324;283.890000000;10;9691779042;B
20240222;100324;283.900000000;10;9691779043;B
20240222;100324;283.900000000;60;9691779044;B
20240222;100324;283.900000000;30;9691779045;B
20240222;100324;283.900000000;10;9691779046;B
20240222;100324;283.900000000;10;9691779047;B
20240222;100324;283.900000000;70;9691779048;B
20240222;100324;283.900000000;250;9691779049;B
20240222;100324;283.900000000;40;9691779050;B
20240222;100324;283.900000000;20;9691779051;B
20240222;100324;283.900000000;200;9691779052;B
20240222;100324;283.900000000;500;9691779053;B
20240222;100324;283.900000000;320;9691779054;B
20240222;100324;283.900000000;10;9691779055;B
20240222;100324;283.910000000;10;9691779056;B
20240222;100324;283.920000000;2000;9691779057;B
20240222;100324;283.920000000;330;9691779058;B
20240222;100324;283.920000000;500;9691779059;B
20240222;100324;283.940000000;40;9691779060;B
20240222;100324;283.940000000;600;9691779061;B
20240222;100324;283.950000000;40;9691779062;B
20240222;100324;283.950000000;500;9691779063;B
20240222;100324;283.950000000;220;9691779064;B
20240222;100324;283.970000000;3000;9691779065;B
20240222;100324;283.970000000;1000;9691779066;B
20240222;100324;283.980000000;10;9691779067;B
20240222;100324;283.980000000;50;9691779068;B
20240222;100324;283.980000000;350;9691779069;B
20240222;100324;283.990000000;10;9691779070;B
20240222;100324;283.990000000;10;9691779071;B
20240222;100324;283.990000000;100;9691779072;B
20240222;100324;283.990000000;50;9691779073;B
20240222;100324;283.990000000;300;9691779074;B
20240222;100324;283.990000000;10;9691779075;B
20240222;100324;283.990000000;1800;9691779076;B
20240222;100324;283.990000000;10;9691779077;B
20240222;100324;284.000000000;30;9691779078;B
20240222;100324;284.000000000;10;9691779079;B
20240222;100324;284.000000000;1500;9691779080;B
20240222;100324;284.000000000;3000;9691779081;B
20240222;100324;284.000000000;10;9691779082;B
20240222;100324;284.000000000;110;9691779083;B
20240222;100324;284.000000000;1000;9691779084;B
20240222;100324;284.000000000;6500;9691779085;B
20240222;100324;284.000000000;10000;9691779086;B
20240222;100324;284.000000000;200;9691779087;B
20240222;100324;284.000000000;10;9691779088;B
20240222;100324;284.000000000;150;9691779089;B
20240222;100324;284.000000000;20;9691779090;B
20240222;100324;284.000000000;50;9691779091;B
20240222;100324;284.000000000;20;9691779092;B
20240222;100324;284.000000000;20;9691779093;B
20240222;100324;284.000000000;1060;9691779094;B
20240222;100324;284.000000000;2500;9691779095;B
20240222;100324;284.000000000;30;9691779096;B
20240222;100324;284.000000000;30000;9691779097;B
20240222;100324;284.000000000;250;9691779098;B
20240222;100324;284.000000000;3200;9691779099;B
20240222;100324;284.000000000;500;9691779100;B
20240222;100324;284.000000000;50;9691779101;B
20240222;100324;284.000000000;500;9691779102;B
20240222;100324;284.000000000;100;9691779103;B
20240222;100324;284.000000000;20;9691779104;B
20240222;100324;284.060000000;100;9691779105;B
20240222;100324;284.060000000;10;9691779106;B
20240222;100324;284.100000000;200;9691779107;B
20240222;100324;284.100000000;3510;9691779108;B
20240222;100324;284.160000000;40;9691779109;B
20240222;100324;284.170000000;2000;9691779110;B
20240222;100324;284.190000000;40;9691779111;B
20240222;100324;284.200000000;200;9691779112;B
20240222;100324;284.200000000;530;9691779113;B
20240222;100324;284.250000000;500;9691779114;B
20240222;100324;284.270000000;200;9691779115;B
20240222;100324;284.280000000;10;9691779116;B
20240222;100324;284.280000000;20;9691779117;B
20240222;100324;284.280000000;1920;9691779118;B
20240222;100324;284.280000000;9630;9691779119;B
20240222;100324;284.290000000;30;9691779120;B
20240222;100324;284.290000000;20;9691779121;B
20240222;100324;284.300000000;750;9691779122;B
20240222;100324;284.300000000;500;9691779123;B
20240222;100324;284.300000000;200;9691779124;B
20240222;100324;284.300000000;70;9691779125;B
20240222;100324;284.300000000;50;9691779126;B
20240222;100324;284.300000000;3510;9691779127;B
20240222;100324;284.340000000;10;9691779128;B
20240222;100324;284.340000000;50;9691779129;B
20240222;100324;284.350000000;50;9691779130;B
20240222;100324;284.370000000;100;9691779131;B
20240222;100324;284.370000000;100;9691779132;B
20240222;100324;284.370000000;100;9691779133;B
20240222;100324;284.370000000;100;9691779134;B
20240222;100324;284.380000000;400;9691779135;B
20240222;100324;284.390000000;10;9691779136;B
20240222;100324;284.400000000;200;9691779137;B
20240222;100324;284.400000000;290;9691779138;B
20240222;100324;284.400000000;60;9691779139;B
20240222;100324;284.400000000;150;9691779140;B
20240222;100324;284.400000000;50;9691779141;B
20240222;100324;284.400000000;5000;9691779142;B
20240222;100324;284.400000000;10;9691779143;B
20240222;100324;284.400000000;3510;9691779144;B
20240222;100324;284.430000000;320;9691779145;B
20240222;100324;284.460000000;10;9691779146;B
20240222;100324;284.460000000;50;9691779147;B
20240222;100324;284.460000000;6000;9691779148;B
20240222;100324;284.460000000;20;9691779149;B
20240222;100324;284.470000000;200;9691779150;B
20240222;100324;284.470000000;250;9691779151;B
20240222;100324;284.490000000;2000;9691779152;B
20240222;100324;284.490000000;10;9691779153;B
20240222;100324;284.500000000;1000;9691779154;B
20240222;100324;284.500000000;10;9691779155;B
20240222;100324;284.500000000;10;9691779156;B
20240222;100324;284.500000000;550;9691779157;B
20240222;100324;284.500000000;1500;9691779158;B
20240222;100324;284.500000000;50;9691779159;B
20240222;100324;284.500000000;200;9691779160;B
20240222;100324;284.500000000;10;9691779161;B
20240222;100324;284.500000000;10;9691779162;B
20240222;100324;284.500000000;4000;9691779163;B
20240222;100324;284.500000000;1000;9691779164;B
20240222;100324;284.500000000;10;9691779165;B
20240222;100324;284.500000000;500;9691779166;B
20240222;100324;284.500000000;10;9691779167;B
20240222;100324;284.500000000;100;9691779168;B
20240222;100324;284.520000000;100;9691779169;B
20240222;100324;284.550000000;10;9691779170;B
20240222;100324;284.550000000;10000;9691779171;B
20240222;100324;284.570000000;100;9691779172;B
20240222;100324;284.570000000;50;9691779173;B
20240222;100324;284.600000000;210;9691779174;B
20240222;100324;284.600000000;2500;9691779175;B
20240222;100324;284.600000000;1000;9691779176;B
20240222;100324;284.650000000;220;9691779177;B
20240222;100324;284.670000000;1800;9691779178;B
20240222;100324;284.670000000;40;9691779179;B
20240222;100324;284.680000000;7040;9691779180;B
20240222;100324;284.680000000;50;9691779181;B
20240222;100324;284.690000000;7090;9691779182;B
20240222;100324;284.690000000;40;9691779183;B
20240222;100324;284.700000000;200;9691779184;B
20240222;100324;284.700000000;600;9691779185;B
20240222;100324;284.700000000;1000;9691779186;B
20240222;100324;284.700000000;100;9691779187;B
20240222;100324;284.700000000;1000;9691779188;B
20240222;100324;284.720000000;10;9691779189;B
20240222;100324;284.730000000;10;9691779190;B
20240222;100324;284.740000000;10;9691779191;B
20240222;100324;284.740000000;10;9691779192;B
20240222;100324;284.740000000;250;9691779193;B
20240222;100324;284.750000000;500;9691779194;B
20240222;100324;284.780000000;50;9691779195;B
20240222;100324;284.800000000;200;9691779196;B
20240222;100324;284.800000000;4080;9691779197;B
20240222;100324;284.800000000;1000;9691779198;B
20240222;100324;284.800000000;10;9691779199;B
20240222;100324;284.820000000;40;9691779200;B
20240222;100324;284.820000000;20;9691779201;B
20240222;100324;284.820000000;50;9691779202;B
20240222;100324;284.820000000;50;9691779203;B
20240222;100324;284.820000000;110;9691779204;B
20240222;100324;284.820000000;500;9691779205;B
20240222;100324;284.820000000;70;9691779206;B
20240222;100324;284.830000000;5000;9691779207;B
20240222;100324;284.840000000;10;9691779208;B
20240222;100324;284.840000000;10;9691779209;B
20240222;100324;284.840000000;20;9691779210;B
20240222;100324;284.870000000;10;9691779211;B
20240222;100324;284.870000000;3470;9691779212;B
20240222;100324;284.880000000;50;9691779213;B
20240222;100324;284.880000000;50;9691779214;B
20240222;100324;284.880000000;70000;9691779215;B
20240222;100324;284.880000000;550;9691779216;B
20240222;100324;284.890000000;2000;9691779217;B
20240222;100324;284.900000000;1000;9691779218;B
20240222;100324;284.900000000;2000;9691779219;B
20240222;100324;284.900000000;200;9691779220;B
20240222;100324;284.900000000;500;9691779221;B
20240222;100324;284.900000000;1000;9691779222;B
20240222;100324;284.900000000;1500;9691779223;B
20240222;100324;284.900000000;150;9691779224;B
20240222;100324;284.920000000;10;9691779225;B
20240222;100324;284.950000000;8000;9691779226;B
20240222;100324;284.970000000;700;9691779227;B
20240222;100324;284.970000000;10;9691779228;B
20240222;100324;284.970000000;250;9691779229;B
20240222;100324;284.980000000;600;9691779230;B
20240222;100324;284.980000000;70;9691779231;B
20240222;100324;284.980000000;10;9691779232;B
20240222;100324;284.980000000;3000;9691779233;B
20240222;100324;284.990000000;10;9691779234;B
20240222;100324;284.990000000;50;9691779235;B
20240222;100324;284.990000000;10;9691779236;B
20240222;100324;284.990000000;10;9691779237;B
20240222;100324;284.990000000;5000;9691779238;B
20240222;100324;285.000000000;200;9691779239;B
20240222;100324;285.000000000;200;9691779240;B
20240222;100324;285.000000000;480;9691779241;B
20240222;100324;285.000000000;40;9691779242;B
20240222;100324;285.000000000;6990;9691779243;B
20240222;100324;285.000000000;1000;9691779244;B
20240222;100324;285.000000000;300;9691779245;B
20240222;100324;285.000000000;10;9691779246;B
20240222;100324;285.000000000;60;9691779247;B
20240222;100324;285.000000000;10;9691779248;B
20240222;100324;285.000000000;150;9691779249;B
20240222;100324;285.000000000;500;9691779250;B
20240222;100324;285.000000000;20;9691779251;B
20240222;100324;285.000000000;10;9691779252;B
20240222;100324;285.000000000;30;9691779253;B
20240222;100324;285.000000000;50;9691779254;B
20240222;100324;285.000000000;20;9691779255;B
20240222;100324;285.000000000;10;9691779256;B
20240222;100324;285.000000000;7000;9691779257;B
20240222;100324;285.000000000;80;9691779258;B
20240222;100324;285.000000000;10;9691779259;B
20240222;100324;285.000000000;10;9691779260;B
20240222;100324;285.000000000;200;9691779261;B
20240222;100324;285.000000000;60;9691779262;B
20240222;100324;285.000000000;20;9691779263;B
20240222;100324;285.000000000;1000;9691779264;B
20240222;100324;285.000000000;10000;9691779265;B
20240222;100324;285.000000000;1000;9691779266;B
20240222;100324;285.000000000;2000;9691779267;B
20240222;100324;285.000000000;1000;9691779268;B
20240222;100324;285.000000000;850;9691779269;B
20240222;100324;285.000000000;3000;9691779270;B
20240222;100324;285.000000000;1000;9691779271;B
20240222;100324;285.000000000;23000;9691779272;B
20240222;100324;285.000000000;140;9691779273;B
20240222;100324;285.000000000;650;9691779274;B
20240222;100324;285.000000000;500;9691779275;B
20240222;100324;285.000000000;100;9691779276;B
20240222;100324;285.000000000;300;9691779277;B
20240222;100324;285.000000000;100;9691779278;B
20240222;100324;285.000000000;90;9691779279;B
20240222;100324;285.000000000;500;9691779280;B
20240222;100324;285.000000000;50;9691779281;B
20240222;100324;285.000000000;2500;9691779282;B
20240222;100324;285.000000000;15000;9691779283;B
20240222;100324;285.000000000;100;9691779284;B
20240222;100324;285.000000000;20;9691779285;B
20240222;100324;285.010000000;5400;9691779286;B
20240222;100324;285.020000000;10;9691779287;B
20240222;100324;285.030000000;40;9691779288;B
20240222;100324;285.050000000;10;9691779289;B
20240222;100324;285.050000000;50;9691779290;B
20240222;100324;285.050000000;11590;9691779291;B
20240222;100324;285.050000000;5000;9691779292;B
20240222;100324;285.050000000;1090;9691779293;B
20240222;100324;283.380000000;10;9691779302;B
20240222;100324;283.380000000;140;9691779303;B
20240222;100324;283.460000000;1230;9691779304;B
20240222;100324;283.460000000;150;9691779306;B
20240222;100324;283.380000000;100;9691779310;S
20240222;100324;283.530000000;100;9691779313;B
20240222;100324;283.570000000;1500;9691779317;S
20240222;100324;283.590000000;170;9691779322;B
20240222;100324;283.670000000;1000;9691779327;S
20240222;100324;283.660000000;300;9691779328;S
20240222;100324;283.660000000;100;9691779329;S
20240222;100324;283.660000000;900;9691779330;S
20240222;100324;283.680000000;300;9691779336;S
20240222;100324;283.680000000;60;9691779337;S
20240222;100324;283.670000000;940;9691779338;S
20240222;100324;283.680000000;300;9691779339;S
20240222;100324;283.690000000;300;9691779342;S
20240222;100324;283.680000000;1000;9691779344;S
20240222;100324;283.680000000;500;9691779345;S
20240222;100324;283.680000000;1000;9691779346;S
20240222;100324;283.680000000;1000;9691779347;S
20240222;100324;283.690000000;500;9691779351;S
20240222;100324;283.690000000;550;9691779352;S
20240222;100324;283.680000000;450;9691779353;B
20240222;100324;283.680000000;1000;9691779354;B
20240222;100324;283.690000000;500;9691779356;S
20240222;100324;283.690000000;630;9691779357;S
20240222;100324;283.680000000;370;9691779358;B
20240222;100324;283.680000000;1000;9691779359;B
20240222;100324;283.680000000;630;9691779361;S
20240222;100324;283.680000000;200;9691779365;B
20240222;100324;283.680000000;170;9691779368;B
20240222;100324;283.670000000;10;9691779372;B
