<DATE>;<TIME>;<LAST>;<VOL>;<ID>;<OPER>
20240325;095938;294;10;9938120968;S
20240325;095938;294;990;9938120969;B
20240325;095938;294;20;9938120970;S
20240325;095938;294;20;9938120971;S
20240325;095938;294;10;9938120972;S
20240325;095938;294;380;9938120973;S
20240325;095938;294;1050;9938120974;S
20240325;095938;294;30;9938120975;S
20240325;095938;294;20;9938120976;S
20240325;095938;294;100;9938120977;S
20240325;095938;294;10;9938120978;S
20240325;095938;294;10;9938120979;S
20240325;095938;294;20;9938120980;S
20240325;095938;294;370;9938120981;S
20240325;095938;294;40;9938120982;S
20240325;095938;294;10;9938120983;S
20240325;095938;294;50;9938120984;S
20240325;095938;294;20;9938120985;S
20240325;095938;294;180;9938120986;S
20240325;095938;294;50;9938120987;S
20240325;095938;294;40;9938120988;S
20240325;095938;294;2110;9938120989;S
20240325;095938;294;100;9938120990;S
20240325;095938;294;140;9938120991;S
20240325;095938;294;920;9938120992;S
20240325;095938;294;40;9938120993;S
20240325;095938;294;1060;9938120994;S
20240325;095938;294;350;9938120995;S
20240325;095938;294;20;9938120996;S
20240325;095938;294;710;9938120997;S
20240325;095938;294;40;9938120998;S
20240325;095938;294;10;9938120999;S
20240325;095938;294;200;9938121000;S
20240325;095938;294;110;9938121001;S
20240325;095938;294;10;9938121002;S
20240325;095938;294;230;9938121003;S
20240325;095938;294;10;9938121004;S
20240325;095938;294;10;9938121005;S
20240325;095938;294;400;9938121006;S
20240325;095938;294;500;9938121007;S
20240325;095938;294;10;9938121008;S
20240325;095938;294;10;9938121009;S
20240325;095938;294;500;9938121010;S
20240325;095938;294;200;9938121011;S
20240325;095938;294;30;9938121012;S
20240325;095938;294;20;9938121013;S
20240325;095938;294;40;9938121014;S
20240325;095938;294;20;9938121015;S
20240325;095938;294;10;9938121016;S
20240325;095938;294;30;9938121017;S
20240325;095938;294;20;9938121018;S
20240325;095938;294;50;9938121019;S
20240325;095938;294;140;9938121020;S
20240325;095938;294;10;9938121021;S
20240325;095938;294;10;9938121022;S
20240325;095938;294;10;9938121023;S
20240325;095938;294;10;9938121024;S
20240325;095938;294;300;9938121025;S
20240325;095938;294;20;9938121026;S
20240325;095938;294;370;9938121027;S
20240325;095938;294;80;9938121028;S
20240325;095938;294;10;9938121029;S
20240325;095938;294;200;9938121030;S
20240325;095938;294;10;9938121031;S
20240325;095938;294;30;9938121032;S
20240325;095938;294;10;9938121033;S
20240325;095938;294;2550;9938121034;S
20240325;095938;294;10;9938121035;S
20240325;095938;294;10;9938121036;S
20240325;095938;294;20;9938121037;S
20240325;095938;294;30;9938121038;S
20240325;095938;294;10;9938121039;S
20240325;095938;294;20;9938121040;S
20240325;095938;294;60;9938121041;S
20240325;095938;294;20;9938121042;S
20240325;095938;294;10;9938121043;S
20240325;095938;294;1000;9938121044;S
20240325;095938;294;300;9938121045;B
20240325;095938;294;10;9938121046;S
20240325;095938;294;20;9938121047;S
20240325;095938;294;1080;9938121048;B
20240325;095938;294;50;9938121049;B
20240325;095938;294;10;9938121050;B
20240325;095938;294;90;9938121051;B
20240325;095938;294;10;9938121052;S
20240325;095938;294;40;9938121053;S
20240325;095938;294;10;9938121054;S
20240325;095938;294;180;9938121055;B
20240325;095938;294;40;9938121056;B
20240325;095938;294;10;9938121057;B
20240325;095938;294;2330;9938121058;B
20240325;095938;294;210;9938121059;B
20240325;095938;294;870;9938121060;B
20240325;095938;294;10;9938121061;B
20240325;095938;294;3120;9938121062;B
20240325;095938;294;80;9938121063;S
20240325;095938;294;10;9938121064;B
20240325;095938;294;910;9938121065;B
20240325;095938;294;1090;9938121066;B
20240325;095938;294;500;9938121067;B
20240325;095938;294;110;9938121068;B
20240325;095938;294;50;9938121069;B
20240325;095938;294;600;9938121070;S
20240325;095938;294;500;9938121071;B
20240325;095938;294;1300;9938121072;B
20240325;095938;294;210;9938121073;B
20240325;095938;294;4310;9938121074;B
20240325;095938;294;3180;9938121075;B
20240325;095938;294;1000;9938121076;B
20240325;095938;294;480;9938121077;B
20240325;095938;294;300;9938121078;S
20240325;095938;294;1000;9938121079;B
20240325;095938;294;20;9938121080;B
20240325;095938;294;400;9938121081;S
20240325;095938;294;300;9938121082;B
20240325;095938;294;4250;9938121083;B
20240325;095938;294;400;9938121084;S
20240325;095938;294;100;9938121085;S
20240325;095938;294;100;9938121086;S
20240325;095938;294;10;9938121087;B
20240325;095938;294;10;9938121088;B
20240325;095938;294;30;9938121089;B
20240325;095938;294;40;9938121090;B
20240325;095938;294;40;9938121091;B
20240325;095938;294;10;9938121092;B
20240325;095938;294;20;9938121093;B
20240325;095938;294;10;9938121094;B
20240325;095938;294;10;9938121095;B
20240325;095938;294;10;9938121096;B
20240325;095938;294;600;9938121097;B
20240325;095938;294;20;9938121098;B
20240325;095938;294;90;9938121099;B
20240325;095938;294;10;9938121100;B
20240325;095938;294;10;9938121101;B
20240325;095938;294;10;9938121102;B
20240325;095938;294;10;9938121103;B
20240325;095938;294;40;9938121104;B
20240325;095938;294;20;9938121105;B
20240325;095938;294;90;9938121106;B
20240325;095938;294;10;9938121107;B
20240325;095938;294;40;9938121108;B
20240325;095938;294;20;9938121109;B
20240325;095938;294;20;9938121110;B
20240325;095938;294;10;9938121111;B
20240325;095938;294;10;9938121112;B
20240325;095938;294;100;9938121113;B
20240325;095938;294;120;9938121114;B
20240325;095938;294;1000;9938121115;B
20240325;095938;294;10;9938121116;B
20240325;095938;294;10;9938121117;B
20240325;095938;294;10;9938121118;B
20240325;095938;294;120;9938121119;B
20240325;095938;294;100;9938121120;B
20240325;095938;294;10;9938121121;B
20240325;095938;294;20;9938121122;B
20240325;095938;294;40;9938121123;B
20240325;095938;294;10;9938121124;B
20240325;095938;294;10;9938121125;B
20240325;095938;294;100;9938121126;B
20240325;095938;294;70;9938121127;B
20240325;095938;294;100;9938121128;B
20240325;095938;294;30;9938121129;B
20240325;095938;294;330;9938121130;B
20240325;095938;294;3590;9938121131;B
20240325;095938;294;80;9938121132;B
20240325;095938;294;20;9938121133;B
20240325;095938;294;500;9938121134;B
20240325;095938;294;240;9938121135;B
20240325;095938;294;200;9938121136;B
20240325;095938;294;700;9938121137;B
20240325;095938;294;100;9938121138;B
20240325;095938;294;280;9938121139;B
20240325;095938;294;20;9938121140;S
20240325;095938;294;40;9938121141;S
20240325;095938;294;10;9938121142;S
20240325;095938;294;20;9938121143;S
20240325;095938;294;1000;9938121144;S
20240325;095938;294;70;9938121145;S
20240325;095938;294;10;9938121146;S
20240325;095938;294;150;9938121147;S
20240325;095938;294;430;9938121148;S
20240325;095938;294;10;9938121149;B
20240325;095938;294;50;9938121150;B
20240325;095938;294;10;9938121151;B
20240325;095938;294;10;9938121152;B
20240325;095938;294;1790;9938121153;B
20240325;095938;294;20;9938121154;B
20240325;095938;294;250;9938121155;B
20240325;095938;294;100;9938121156;B
20240325;095938;294;80;9938121157;B
20240325;095938;294;310;9938121158;B
20240325;095938;294;20;9938121159;B
20240325;095938;294;20;9938121160;B
20240325;095938;294;170;9938121161;B
20240325;095938;294;10;9938121162;B
20240325;095938;294;20;9938121163;B
20240325;095938;294;50;9938121164;B
20240325;095938;294;10;9938121165;B
20240325;095938;294;10;9938121166;B
20240325;095938;294;100;9938121167;B
20240325;095938;294;40;9938121168;B
20240325;095938;294;260;9938121169;B
20240325;095938;294;60;9938121170;B
20240325;095938;294;50;9938121171;B
20240325;095938;294;330;9938121172;B
20240325;095938;294;10;9938121173;B
20240325;095938;294;10;9938121174;B
20240325;095938;294;20;9938121175;B
20240325;095938;294;10;9938121176;B
20240325;095938;294;100;9938121177;B
20240325;095938;294;30;9938121178;B
20240325;095938;294;40;9938121179;B
20240325;095938;294;10;9938121180;B
20240325;095938;294;30;9938121181;B
20240325;095938;294;10;9938121182;B
20240325;095938;294;10;9938121183;B
20240325;095938;294;30;9938121184;B
20240325;095938;294;10;9938121185;B
20240325;095938;294;10;9938121186;B
20240325;095938;294;10;9938121187;B
20240325;095938;294;10;9938121188;B
20240325;095938;294;40;9938121189;B
20240325;095938;294;70;9938121190;B
20240325;095938;294;10;9938121191;B
20240325;095938;294;100;9938121192;B
20240325;095938;294;10;9938121193;B
20240325;095938;294;40;9938121194;B
20240325;095938;294;10680;9938121195;B
20240325;095938;294;680;9938121196;B
20240325;095938;294;20;9938121197;B
20240325;095938;294;100;9938121198;B
20240325;095938;294;10;9938121199;S
20240325;095938;294;40;9938121200;S
20240325;095938;294;200;9938121201;S
20240325;095938;294;270;9938121202;S
20240325;095938;294;10;9938121203;S
20240325;095938;294;10;9938121204;S
20240325;095938;294;10;9938121205;S
20240325;095938;294;20;9938121206;B
20240325;095938;294;40;9938121207;B
20240325;095938;294;10;9938121208;B
20240325;095938;294;50;9938121209;S
20240325;095938;294;150;9938121210;S
20240325;095938;294;40;9938121211;S
20240325;095938;294;70;9938121212;S
20240325;095938;294;50;9938121213;S
20240325;095938;294;650;9938121214;S
20240325;095938;294;20;9938121215;S
20240325;095938;294;30;9938121216;S
20240325;095938;294;10;9938121217;S
20240325;095938;294;100;9938121218;S
20240325;095938;294;60;9938121219;S
20240325;095938;294;40;9938121220;S
20240325;095938;294;20;9938121221;S
20240325;095938;294;100;9938121222;B
20240325;095938;294;60;9938121223;S
20240325;095938;294;10;9938121224;B
20240325;095938;294;430;9938121225;S
20240325;095938;294;40;9938121226;B
20240325;095938;294;1000;9938121227;B
20240325;095938;294;10;9938121228;B
20240325;095938;294;300;9938121229;B
20240325;095938;294;10;9938121230;B
20240325;095938;294;2000;9938121231;B
20240325;095938;294;10;9938121232;B
20240325;095938;294;420;9938121233;B
20240325;095938;294;10;9938121234;S
20240325;095938;294;10;9938121235;S
20240325;095938;294;150;9938121236;B
20240325;095938;294;10;9938121237;B
20240325;095938;294;410;9938121238;B
20240325;095938;294;10;9938121239;B
20240325;095938;294;10;9938121240;S
20240325;095938;294;20;9938121241;B
20240325;095938;294;80;9938121242;B
20240325;095938;294;10;9938121243;B
20240325;095938;294;90;9938121244;B
20240325;095938;294;70;9938121245;B
20240325;095938;294;10;9938121246;B
20240325;095938;294;10;9938121247;S
20240325;095938;294;10;9938121248;B
20240325;095938;294;1000;9938121249;S
20240325;095938;294;10;9938121250;S
20240325;095938;294;10;9938121251;S
20240325;095938;294;420;9938121252;B
20240325;095938;294;10;9938121253;S
20240325;095938;294;10;9938121254;B
20240325;095938;294;50;9938121255;S
20240325;095938;294;10;9938121256;S
20240325;095938;294;1000;9938121257;S
20240325;095938;294;420;9938121258;B
20240325;095938;294;1000;9938121259;B
20240325;095938;294;500;9938121260;B
20240325;095938;294;640;9938121261;S
20240325;095938;294;100;9938121262;B
20240325;095938;294;50;9938121263;S
20240325;095938;294;10;9938121264;B
20240325;095938;294;10;9938121265;S
20240325;095938;294;10;9938121266;S
20240325;095938;294;50;9938121267;S
20240325;095938;294;10;9938121268;S
20240325;095938;294;50;9938121269;S
20240325;095938;294;10;9938121270;S
20240325;095938;294;40;9938121271;S
20240325;095938;294;280;9938121272;S
20240325;095938;294;30;9938121273;S
20240325;095938;294;20;9938121274;S
20240325;095938;294;670;9938121275;B
20240325;095938;294;330;9938121276;B
20240325;095938;294;30;9938121277;S
20240325;095938;294;60;9938121278;B
20240325;095938;294;50;9938121279;S
20240325;095938;294;50;9938121280;S
20240325;095938;294;10;9938121281;S
20240325;095938;294;10;9938121282;S
20240325;095938;294;1000;9938121283;S
20240325;095938;294;420;9938121284;B
20240325;095938;294;10;9938121285;B
20240325;095938;294;30;9938121286;B
20240325;095938;294;150;9938121287;B
20240325;095938;294;50;9938121288;S
20240325;095938;294;10;9938121289;S
20240325;095938;294;10;9938121290;S
20240325;095938;294;100;9938121291;S
20240325;095938;294;420;9938121292;B
20240325;095938;294;50;9938121293;S
20240325;095938;294;10;9938121294;B
20240325;095938;294;10;9938121295;S
20240325;095938;294;110;9938121296;B
20240325;095938;294;1000;9938121297;S
20240325;095938;294;50;9938121298;S
20240325;095938;294;10;9938121299;S
20240325;095938;294;100;9938121300;S
20240325;095938;294;10;9938121301;S
20240325;095938;294;420;9938121302;B
20240325;095938;294;50;9938121303;S
20240325;095938;294;150;9938121304;B
20240325;095938;294;750;9938121305;B
20240325;095938;294;2000;9938121306;S
20240325;095938;294;800;9938121307;S
20240325;095938;294;2100;9938121308;S
20240325;095938;294;1500;9938121309;S
20240325;095938;294;70;9938121310;S
20240325;095938;294;200;9938121311;S
20240325;095938;294;130;9938121312;S
20240325;095938;294;10;9938121313;B
20240325;095938;294;50;9938121314;B
20240325;095938;294;10;9938121315;B
20240325;095938;294;10;9938121316;B
20240325;095938;294;100;9938121317;S
20240325;095938;294;30;9938121318;S
20240325;095938;294;20;9938121319;S
20240325;095938;294;100;9938121320;B
20240325;095938;294;1900;9938121321;B
20240325;095938;294;420;9938121322;B
20240325;095938;294;1000;9938121323;B
20240325;095938;294;50;9938121324;B
20240325;095938;294;100;9938121325;B
20240325;095938;294;50;9938121326;B
20240325;095938;294;50;9938121327;B
20240325;095938;294;50;9938121328;S
20240325;095938;294;10;9938121329;B
20240325;095938;294;290;9938121330;B
20240325;095938;294;10;9938121331;B
20240325;095938;294;100;9938121332;B
20240325;095938;294;1000;9938121333;B
20240325;095938;294;10;9938121334;B
20240325;095938;294;70;9938121335;B
20240325;095938;294;150;9938121336;B
20240325;095938;294;2000;9938121337;B
20240325;095938;294;50;9938121338;B
20240325;095938;294;70;9938121339;S
20240325;095938;294;1780;9938121340;S
20240325;095938;294;5000;9938121341;B
20240325;095938;294;10;9938121342;B
20240325;095938;294;10;9938121343;B
20240325;095938;294;50;9938121344;B
20240325;095938;294;10;9938121345;B
20240325;095938;294;670;9938121346;B
20240325;095938;294;2500;9938121347;B
20240325;095938;294;420;9938121348;B
20240325;095938;294;130;9938121349;B
20240325;095938;294;200;9938121350;B
20240325;095938;294;30;9938121351;B
20240325;095938;294;50;9938121352;B
20240325;095938;294;220;9938121353;B
20240325;095938;294;10;9938121354;B
20240325;095938;294;20;9938121355;B
20240325;095938;294;500;9938121356;S
20240325;095938;294;60;9938121357;S
20240325;095938;294;30;9938121358;S
20240325;100000;294;400;9938128939;S
20240325;100000;294.01;420;9938129067;B
20240325;100000;294.01;910;9938129068;B
20240325;100000;294.01;400;9938129069;B
20240325;100000;294.07;400;9938129070;B
20240325;100000;294.07;420;9938129071;B
20240325;100000;294.08;420;9938129072;B
20240325;100000;294.09;40;9938129073;B
20240325;100000;294.09;60;9938129097;B
20240325;100000;294.09;70;9938129098;B
20240325;100000;294.09;500;9938129099;B
20240325;100000;294.09;10;9938129100;B
20240325;100000;294.01;20;9938129105;S
20240325;100000;294.01;4000;9938129108;S
20240325;100000;294.08;40;9938129158;B
20240325;100000;294.08;50;9938129165;B
20240325;100000;294.05;10;9938129185;B
20240325;100000;294.08;40;9938129186;B
20240325;100000;294.02;10;9938129189;S
20240325;100000;294.01;420;9938129243;S
20240325;100000;294;520;9938129244;S
20240325;100000;294;130;9938129245;S
20240325;100000;294;370;9938129246;S
20240325;100000;294;50;9938129247;S
20240325;100000;293.99;50;9938129248;S
20240325;100000;293.99;420;9938129249;S
20240325;100000;293.98;420;9938129250;S
20240325;100000;293.97;420;9938129251;S
20240325;100000;293.96;80;9938129252;S
20240325;100000;294.08;870;9938129273;B
20240325;100000;294.09;120;9938129274;B
20240325;100000;294.1;10;9938129275;B
20240325;100000;294.1;20;9938129276;B
20240325;100000;294.1;400;9938129277;B
20240325;100000;294.11;420;9938129278;B
20240325;100000;294.12;160;9938129279;B
20240325;100000;293.96;340;9938129305;S
20240325;100000;293.95;420;9938129306;S
20240325;100000;293.94;420;9938129307;S
20240325;100000;293.94;400;9938129308;S
20240325;100000;293.93;420;9938129309;S
20240325;100000;293.91;300;9938129310;S
20240325;100000;293.91;1440;9938129362;S
20240325;100000;294.07;10;9938129365;B
20240325;100000;294.1;320;9938129366;B
20240325;100000;294.06;50;9938129427;B
20240325;100000;294.06;30;9938129428;B
20240325;100000;294.01;100;9938129504;B
20240325;100000;293.9;250;9938129512;S
20240325;100000;293.85;420;9938129513;S
20240325;100000;293.85;400;9938129514;S
20240325;100000;293.84;370;9938129515;S
20240325;100000;293.91;100;9938129562;B
20240325;100000;293.9;50;9938129575;B
20240325;100000;293.95;400;9938129626;B
20240325;100000;293.97;100;9938129655;B
20240325;100001;293.94;400;9938129951;B
20240325;100001;293.95;350;9938129952;B
20240325;100001;293.96;4250;9938129953;B
20240325;100001;293.89;30;9938130018;S
20240325;100001;293.89;370;9938130020;S
20240325;100001;293.89;420;9938130021;S
20240325;100001;293.89;910;9938130022;S
20240325;100001;293.88;420;9938130023;S
20240325;100001;293.87;420;9938130024;S
20240325;100001;293.87;90;9938130025;S
20240325;100001;293.93;200;9938130052;B
20240325;100001;293.94;170;9938130084;B
20240325;100001;293.93;50;9938130095;B
20240325;100001;293.93;20;9938130216;B
20240325;100001;293.92;200;9938130219;B
20240325;100001;293.91;10;9938130249;B
20240325;100001;293.93;200;9938130391;B
20240325;100001;293.87;30;9938130468;S
20240325;100001;293.91;10;9938130480;B
20240325;100001;293.89;150;9938130532;B
20240325;100001;293.9;40;9938130547;B
20240325;100001;293.9;60;9938130607;B
20240325;100001;293.9;140;9938130608;B
20240325;100002;293.87;300;9938130815;S
20240325;100002;293.87;90;9938130842;S
20240325;100002;293.87;400;9938130843;S
20240325;100002;293.86;1010;9938130844;S
20240325;100002;293.86;1500;9938130845;S
20240325;100002;293.9;100;9938130847;B
20240325;100002;293.9;200;9938130852;B
20240325;100002;293.9;200;9938130853;B
20240325;100002;293.9;100;9938130854;B
20240325;100002;293.87;40;9938130857;S
20240325;100002;293.9;200;9938130917;B
20240325;100002;293.9;180;9938130919;B
20240325;100002;293.9;10;9938130984;B
20240325;100002;293.87;380;9938130988;S
20240325;100002;293.86;490;9938130989;S
20240325;100002;293.86;20;9938130990;S
20240325;100002;293.9;10;9938131022;B
20240325;100002;293.9;10;9938131023;B
20240325;100002;293.85;400;9938131084;S
20240325;100002;293.85;910;9938131085;S
20240325;100002;293.85;420;9938131086;S
20240325;100002;293.84;420;9938131087;S
20240325;100002;293.84;2650;9938131088;S
20240325;100002;293.84;40;9938131164;S
20240325;100002;293.89;100;9938131192;B
20240325;100002;293.88;10;9938131203;B
20240325;100002;293.84;380;9938131212;S
20240325;100002;293.83;420;9938131213;S
20240325;100002;293.83;20;9938131214;S
20240325;100002;293.82;500;9938131215;S
20240325;100002;293.82;420;9938131216;S
20240325;100002;293.81;160;9938131217;S
20240325;100002;293.88;10;9938131243;B
20240325;100002;293.88;200;9938131279;B
20240325;100002;293.82;120;9938131286;S
20240325;100002;293.82;300;9938131287;S
20240325;100002;293.81;260;9938131288;S
20240325;100002;293.81;1360;9938131289;S
20240325;100002;293.88;100;9938131298;B
20240325;100002;293.88;80;9938131325;B
20240325;100002;293.88;50;9938131326;B
20240325;100002;293.89;270;9938131327;B
20240325;100002;293.86;200;9938131433;B
20240325;100002;293.87;400;9938131452;B
20240325;100002;293.88;240;9938131453;B
20240325;100002;293.88;200;9938131547;B
20240325;100002;293.88;20;9938131680;B
20240325;100003;293.81;1640;9938132054;S
20240325;100003;293.81;360;9938132055;S
20240325;100003;293.86;10;9938132280;B
20240325;100003;293.86;10;9938132283;B
20240325;100003;293.81;500;9938132284;S
20240325;100003;293.86;240;9938132305;B
20240325;100003;293.88;60;9938132306;B
20240325;100003;293.84;100;9938132362;B
20240325;100003;293.84;200;9938132381;B
20240325;100003;293.84;10;9938132567;B
20240325;100003;293.8;50;9938132577;S
20240325;100003;293.77;420;9938132578;S
20240325;100003;293.76;30;9938132579;S
20240325;100003;293.85;350;9938132644;B
20240325;100003;293.85;400;9938132645;B
20240325;100003;293.87;420;9938132646;B
20240325;100003;293.88;130;9938132647;B
20240325;100004;293.76;10;9938132975;S
20240325;100004;293.76;380;9938133089;S
20240325;100004;293.76;120;9938133090;S
20240325;100004;293.83;350;9938133159;B
20240325;100004;293.83;910;9938133160;B
20240325;100004;293.87;420;9938133161;B
20240325;100004;293.87;400;9938133162;B
20240325;100004;293.87;10;9938133233;S
20240325;100005;293.87;100;9938133767;S
20240325;100005;293.87;10;9938133917;S
20240325;100005;293.85;10;9938134105;B
20240325;100005;293.85;10;9938134108;B
20240325;100005;293.85;10;9938134119;B
20240325;100005;293.85;10;9938134124;B
20240325;100005;293.87;10;9938134133;B
20240325;100005;293.79;10;9938134135;S
20240325;100005;293.87;10;9938134144;B
20240325;100005;293.8;70;9938134149;S
20240325;100005;293.78;10;9938134152;S
20240325;100005;293.78;10;9938134412;S
20240325;100005;293.78;120;9938134692;S
20240325;100005;293.86;10;9938134751;B
20240325;100005;293.78;30;9938134835;S
20240325;100005;293.86;270;9938135001;B
20240325;100005;293.78;10;9938135526;S
20240325;100005;293.78;30;9938135860;S
20240325;100006;293.78;10;9938136231;S
20240325;100006;293.86;10;9938136494;B
20240325;100006;293.8;120;9938136748;S
20240325;100006;293.8;100;9938136764;B
20240325;100006;293.8;100;9938137021;S
20240325;100006;293.8;10;9938137031;S
20240325;100006;293.86;10;9938137039;B
20240325;100006;293.8;20;9938137048;S
20240325;100006;293.8;30;9938137059;S
20240325;100006;293.8;10;9938137065;S
20240325;100006;293.86;10;9938137069;B
20240325;100006;293.86;10;9938137077;B
20240325;100006;293.86;60;9938137086;B
20240325;100006;293.86;150;9938137087;B
20240325;100006;293.86;10;9938137101;B
20240325;100006;293.86;10;9938137111;B
20240325;100006;293.8;360;9938137113;S
20240325;100006;293.86;10;9938137126;B
20240325;100006;293.86;20;9938137128;B
20240325;100006;293.86;10;9938137137;B
20240325;100006;293.8;10;9938137142;S
20240325;100006;293.8;10;9938137149;S
20240325;100006;293.83;250;9938137160;B
20240325;100006;293.83;10;9938137163;B
20240325;100006;293.8;10;9938137167;S
20240325;100006;293.83;10;9938137173;B
20240325;100006;293.85;10;9938137863;B
20240325;100006;293.85;30;9938137868;B
20240325;100006;293.85;30;9938137876;B
20240325;100006;293.8;10;9938137881;S
20240325;100006;293.85;50;9938137886;B
20240325;100006;293.85;1030;9938137887;B
20240325;100006;293.86;10;9938137888;B
20240325;100006;293.86;350;9938137889;B
20240325;100006;293.86;3440;9938137890;B
20240325;100006;293.86;120;9938137891;B
20240325;100006;293.85;10;9938137893;B
20240325;100006;293.8;50;9938137904;S
20240325;100006;293.85;10;9938137911;B
20240325;100006;293.85;10;9938137916;B
20240325;100006;293.8;20;9938137931;S
20240325;100006;293.8;10;9938137933;S
20240325;100006;293.85;10;9938138592;B
20240325;100006;293.85;10;9938138601;B
20240325;100006;293.85;10;9938138605;B
20240325;100006;293.85;40;9938138618;B
20240325;100006;293.8;60;9938138623;S
20240325;100006;293.8;100;9938138627;S
20240325;100006;293.85;10;9938138788;B
20240325;100007;293.8;140;9938139489;S
20240325;100007;293.85;10;9938139493;B
20240325;100007;293.85;50;9938139498;B
20240325;100007;293.8;10;9938139503;S
20240325;100007;293.8;10;9938139509;S
20240325;100007;293.85;10;9938139523;B
20240325;100007;293.85;10;9938139532;B
20240325;100007;293.8;60;9938139538;S
20240325;100007;293.85;10;9938139539;B
20240325;100007;293.85;40;9938139541;B
20240325;100007;293.8;10;9938139542;S
20240325;100007;293.85;10;9938139543;B
20240325;100007;293.8;170;9938139544;S
20240325;100007;293.79;100;9938139545;S
20240325;100007;293.78;200;9938139546;S
20240325;100007;293.77;220;9938139547;S
20240325;100007;293.85;10;9938139549;B
20240325;100007;293.85;10;9938139550;B
20240325;100007;293.77;10;9938139552;S
20240325;100007;293.78;20;9938139554;S
20240325;100007;293.84;10;9938139555;B
20240325;100007;293.85;10;9938139556;B
20240325;100007;293.84;10;9938139557;B
20240325;100007;293.84;10;9938139559;B
20240325;100007;293.84;10;9938139560;B
20240325;100007;293.84;10;9938139561;B
20240325;100007;293.78;10;9938139562;S
20240325;100007;293.78;20;9938139565;S
20240325;100007;293.84;30;9938139566;B
20240325;100007;293.84;200;9938139567;B
20240325;100007;293.84;130;9938139569;B
20240325;100007;293.85;750;9938139570;B
20240325;100007;293.86;120;9938139571;B
20240325;100007;293.86;50;9938139871;B
20240325;100007;293.78;10;9938140271;S
20240325;100007;293.86;10;9938140272;B
20240325;100007;293.78;10;9938140273;S
20240325;100007;293.86;30;9938140274;B
20240325;100007;293.86;40;9938140276;B
20240325;100007;293.78;10;9938140277;S
20240325;100007;293.78;10;9938140278;S
20240325;100007;293.78;310;9938140279;S
20240325;100007;293.78;60;9938140280;S
20240325;100007;293.78;10;9938140281;S
20240325;100007;293.78;10;9938140456;S
20240325;100007;293.86;10;9938140623;B
20240325;100007;293.78;20;9938140624;S
20240325;100007;293.78;10;9938140625;S
20240325;100007;293.78;10;9938140626;S
20240325;100007;293.86;10;9938140627;B
20240325;100007;293.78;20;9938140628;S
20240325;100007;293.86;10;9938140629;B
20240325;100007;293.78;20;9938140630;S
20240325;100007;293.86;10;9938140631;B
20240325;100007;293.78;10;9938140632;S
20240325;100007;293.78;50;9938140633;S
20240325;100007;293.78;10;9938140634;S
20240325;100007;293.86;80;9938141014;B
20240325;100007;293.86;10;9938141133;B
20240325;100007;293.78;10;9938141134;S
20240325;100007;293.86;10;9938141135;B
20240325;100007;293.78;90;9938141136;S
20240325;100007;293.86;10;9938141137;B
20240325;100008;293.78;10;9938141427;S
20240325;100008;293.78;10;9938141430;S
20240325;100008;293.86;30;9938141431;B
20240325;100008;293.78;70;9938141432;S
20240325;100008;293.78;400;9938141433;S
20240325;100008;293.77;190;9938141434;S
20240325;100008;293.77;3000;9938141435;S
20240325;100008;293.77;2000;9938141436;S
20240325;100008;293.77;910;9938141437;S
20240325;100008;293.76;420;9938141438;S
20240325;100008;293.76;720;9938141439;S
20240325;100008;293.76;40;9938141440;S
20240325;100008;293.76;50;9938141441;S
20240325;100008;293.77;10;9938141445;S
20240325;100008;293.85;10;9938141449;B
20240325;100008;293.85;390;9938141451;B
20240325;100008;293.85;120;9938141452;B
20240325;100008;293.85;10;9938141454;B
20240325;100008;293.76;10;9938141455;S
20240325;100008;293.83;10;9938141456;B
20240325;100008;293.77;200;9938141616;B
20240325;100008;293.77;200;9938141869;B
20240325;100008;293.75;10;9938142225;S
20240325;100008;293.77;220;9938142228;B
20240325;100008;293.75;10;9938142231;S
20240325;100008;293.75;30;9938142236;S
20240325;100008;293.75;70;9938142237;S
20240325;100008;293.75;20;9938142240;S
20240325;100008;293.77;10;9938142244;B
20240325;100008;293.75;50;9938142248;S
20240325;100008;293.75;60;9938142251;S
20240325;100008;293.77;150;9938142257;B
20240325;100008;293.75;10;9938142718;S
20240325;100008;293.75;10;9938142724;S
20240325;100008;293.75;10;9938142730;S
20240325;100008;293.77;10;9938142735;B
20240325;100008;293.77;10;9938142742;B
20240325;100008;293.77;170;9938142747;B
20240325;100008;293.78;110;9938142748;B
20240325;100008;293.77;10;9938142755;B
20240325;100008;293.75;180;9938142757;S
20240325;100008;293.75;10;9938142770;S
20240325;100008;293.75;10;9938142784;S
20240325;100008;293.77;10;9938142939;B
20240325;100008;293.75;500;9938143231;S
20240325;100008;293.76;100;9938143293;B
20240325;100008;293.71;10;9938143363;S
20240325;100008;293.76;10;9938143365;B
20240325;100008;293.77;10;9938143371;B
20240325;100008;293.77;100;9938143372;B
20240325;100008;293.71;30;9938143374;S
20240325;100008;293.71;80;9938143382;S
20240325;100008;293.71;10;9938143389;S
20240325;100008;293.71;10;9938143393;S
20240325;100008;293.71;20;9938143399;S
20240325;100008;293.71;10;9938143400;S
20240325;100008;293.77;10;9938143405;B
20240325;100009;293.71;10;9938143416;S
20240325;100009;293.71;10;9938143820;S
20240325;100009;293.76;400;9938143881;B
20240325;100009;293.77;200;9938143882;B
20240325;100009;293.77;10;9938144010;B
20240325;100009;293.77;10;9938144011;B
20240325;100009;293.77;10;9938144015;B
20240325;100009;293.77;10;9938144020;B
20240325;100009;293.77;10;9938144021;B
20240325;100009;293.77;10;9938144023;B
20240325;100009;293.77;40;9938144025;B
20240325;100009;293.77;360;9938144026;B
20240325;100009;293.77;10;9938144028;B
20240325;100009;293.78;10;9938144030;B
20240325;100009;293.77;10;9938144349;B
20240325;100009;293.77;30;9938144355;B
20240325;100009;293.76;100;9938144363;S
20240325;100009;293.73;260;9938144364;S
20240325;100009;293.78;10;9938144377;B
20240325;100009;293.71;200;9938144393;S
20240325;100009;293.78;10;9938144402;B
20240325;100009;293.78;20;9938144413;B
20240325;100009;293.78;10;9938144420;B
20240325;100009;293.78;10;9938144430;B
20240325;100009;293.71;30;9938144436;S
20240325;100009;293.71;20;9938144437;S
20240325;100009;293.78;10;9938144451;B
20240325;100009;293.71;10;9938144463;S
20240325;100009;293.78;4220;9938144471;B
20240325;100009;293.78;400;9938144472;B
20240325;100009;293.82;30;9938144473;B
20240325;100009;293.82;420;9938144474;B
20240325;100009;293.83;420;9938144475;B
20240325;100009;293.84;420;9938144476;B
20240325;100009;293.85;290;9938144477;B
20240325;100009;293.85;2000;9938144478;B
20240325;100009;293.86;420;9938144479;B
20240325;100009;293.86;10;9938144480;B
20240325;100009;293.87;420;9938144481;B
20240325;100009;293.88;420;9938144482;B
20240325;100009;293.88;100;9938144483;B
20240325;100009;293.89;420;9938144484;B
20240325;100009;293.9;50;9938144485;B
20240325;100009;293.9;420;9938144486;B
20240325;100009;293.91;420;9938144487;B
20240325;100009;293.93;1030;9938144488;B
20240325;100009;293.94;1990;9938144489;B
20240325;100009;293.92;30;9938144496;B
20240325;100009;293.95;40;9938144497;B
20240325;100009;293.76;30;9938144515;S
20240325;100009;293.77;70;9938144518;S
20240325;100009;293.77;10;9938144520;S
20240325;100009;293.77;10;9938144522;S
20240325;100009;293.91;10;9938144523;B
20240325;100009;293.91;40;9938144525;B
20240325;100009;293.91;370;9938144526;B
20240325;100009;293.92;630;9938144527;B
20240325;100009;293.79;10;9938144529;S
20240325;100009;293.78;120;9938144726;S
20240325;100009;293.78;10;9938144749;S
20240325;100009;293.92;10;9938144913;B
20240325;100009;293.78;10;9938144914;S
20240325;100009;293.92;10;9938144915;B
20240325;100009;293.78;30;9938144916;S
20240325;100009;293.78;30;9938144917;S
20240325;100009;293.91;30;9938144918;B
20240325;100009;293.78;20;9938144985;S
20240325;100009;293.77;40;9938145103;S
20240325;100009;293.77;320;9938145137;S
20240325;100009;293.88;200;9938145141;B
20240325;100009;293.76;10;9938145151;S
20240325;100009;293.76;420;9938145304;S
20240325;100009;293.76;400;9938145305;S
20240325;100009;293.75;180;9938145306;S
20240325;100009;293.71;10;9938145489;S
20240325;100009;293.84;100;9938145527;B
20240325;100009;293.86;10;9938145565;B
20240325;100010;293.87;10;9938145817;B
20240325;100010;293.71;110;9938145825;S
20240325;100010;293.71;60;9938145827;S
20240325;100010;293.71;10;9938145843;S
20240325;100010;293.85;10;9938145844;B
20240325;100010;293.85;10;9938145845;B
20240325;100010;293.71;40;9938145846;S
20240325;100010;293.71;190;9938145847;S
20240325;100010;293.71;180;9938145848;S
20240325;100010;293.87;10;9938145849;B
20240325;100010;293.86;240;9938145922;B
20240325;100010;293.86;10;9938146316;B
20240325;100010;293.91;120;9938146377;B
20240325;100010;293.88;10;9938146644;B
20240325;100010;293.88;10;9938146645;B
20240325;100010;293.88;10;9938146646;B
20240325;100010;293.88;10;9938146647;B
20240325;100010;293.88;10;9938146651;B
20240325;100010;293.88;10;9938146652;B
20240325;100010;293.88;10;9938146653;B
20240325;100010;293.79;100;9938146654;S
20240325;100010;293.88;80;9938146684;B
20240325;100010;293.88;170;9938146738;B
20240325;100010;293.88;10;9938146754;B
20240325;100010;293.88;90;9938146756;B
20240325;100010;293.79;100;9938146802;S
20240325;100010;293.88;40;9938146807;B
20240325;100010;293.79;40;9938146918;S
20240325;100011;293.88;380;9938147034;B
20240325;100011;293.89;10;9938147035;B
20240325;100011;293.89;420;9938147036;B
20240325;100011;293.89;70;9938147037;B
20240325;100011;293.82;10;9938147123;B
20240325;100011;293.82;40;9938147160;B
20240325;100011;293.82;10;9938147332;B
20240325;100011;293.79;10;9938147333;S
20240325;100011;293.79;10;9938147334;S
20240325;100011;293.79;40;9938147335;S
20240325;100011;293.79;40;9938147336;S
20240325;100011;293.82;50;9938147337;B
20240325;100011;293.82;10;9938147338;B
20240325;100011;293.82;10;9938147339;B
20240325;100011;293.79;20;9938147341;S
20240325;100011;293.82;10;9938147342;B
20240325;100011;293.82;10;9938147343;B
20240325;100011;293.82;10;9938147344;B
20240325;100011;293.82;10;9938147345;B
20240325;100011;293.82;10;9938147360;B
20240325;100011;293.82;10;9938147370;B
20240325;100011;293.82;10;9938147371;B
20240325;100011;293.82;100;9938147517;B
20240325;100011;293.82;40;9938147551;B
20240325;100011;293.81;10;9938147610;S
20240325;100011;293.82;40;9938147623;B
20240325;100011;293.82;120;9938147624;B
20240325;100011;293.82;40;9938147625;B
20240325;100011;293.88;420;9938147626;B
20240325;100011;293.89;420;9938147627;B
20240325;100011;293.9;420;9938147630;B
20240325;100011;293.9;20;9938147631;B
20240325;100011;293.91;420;9938147632;B
20240325;100011;293.92;370;9938147633;B
20240325;100011;293.92;10;9938147668;B
20240325;100011;293.85;10;9938147702;S
20240325;100011;293.92;20;9938147758;B
20240325;100011;293.93;30;9938147759;B
20240325;100011;293.88;100;9938147789;S
20240325;100011;293.89;70;9938147790;B
20240325;100011;293.89;10;9938147905;B
20240325;100011;293.89;330;9938147912;B
20240325;100011;293.88;900;9938147927;S
20240325;100011;293.88;400;9938147928;S
20240325;100011;293.88;200;9938147929;S
20240325;100011;293.83;520;9938147930;S
20240325;100011;293.85;400;9938148025;S
20240325;100011;293.84;100;9938148026;S
20240325;100011;293.89;90;9938148027;B
20240325;100011;293.92;420;9938148028;B
20240325;100011;293.93;100;9938148029;B
20240325;100011;293.85;400;9938148072;S
20240325;100011;293.84;100;9938148073;S
20240325;100012;293.87;100;9938148103;S
20240325;100012;293.93;760;9938148127;B
20240325;100012;293.93;150;9938148226;B
20240325;100012;293.93;40;9938148231;B
20240325;100012;293.93;70;9938148232;B
20240325;100012;293.92;200;9938148248;B
20240325;100012;293.86;100;9938148298;S
20240325;100012;293.86;340;9938148299;S
20240325;100012;293.92;400;9938148302;B
20240325;100012;293.92;500;9938148303;B
20240325;100012;293.93;100;9938148304;B
20240325;100012;293.92;400;9938148316;B
20240325;100012;293.93;10;9938148317;B
20240325;100012;293.93;100;9938148349;B
20240325;100013;293.9;10;9938148495;S
20240325;100013;293.9;10;9938148657;S
20240325;100013;293.93;10;9938148686;B
20240325;100013;293.91;50;9938148708;B
20240325;100013;293.93;950;9938148709;B
20240325;100013;293.93;10;9938148748;B
20240325;100014;293.91;10;9938149011;B
20240325;100014;293.91;10;9938149041;B
20240325;100014;293.91;480;9938149062;B
20240325;100014;293.93;20;9938149063;B
20240325;100015;293.91;10;9938149161;S
20240325;100015;293.9;80;9938149351;S
20240325;100015;293.9;20;9938149352;S
20240325;100015;293.92;10;9938149426;B
20240325;100016;293.92;10;9938149751;B
20240325;100016;293.89;400;9938149809;S
20240325;100016;293.88;20;9938149810;S
20240325;100016;293.88;1030;9938149811;S
20240325;100016;293.88;350;9938149812;S
20240325;100016;293.88;2000;9938149813;S
20240325;100016;293.88;420;9938149814;S
20240325;100016;293.87;420;9938149815;S
20240325;100016;293.86;10;9938149816;S
20240325;100016;293.86;420;9938149817;S
20240325;100016;293.86;2000;9938149818;S
20240325;100016;293.85;420;9938149819;S
20240325;100016;293.85;2000;9938149820;S
20240325;100016;293.85;2000;9938149821;S
20240325;100016;293.84;420;9938149822;S
20240325;100016;293.83;420;9938149823;S
20240325;100016;293.82;420;9938149824;S
20240325;100016;293.82;2000;9938149825;S
20240325;100016;293.82;3000;9938149826;S
20240325;100016;293.81;990;9938149827;S
20240325;100016;293.81;420;9938149828;S
20240325;100016;293.8;420;9938149829;S
20240325;100016;293.8;2000;9938149830;S
20240325;100016;293.79;60;9938149831;S
20240325;100016;293.79;420;9938149832;S
20240325;100016;293.79;2000;9938149833;S
20240325;100016;293.78;500;9938149834;S
20240325;100016;293.78;560;9938149835;S
20240325;100016;293.87;100;9938149865;B
20240325;100017;293.77;150;9938149956;S
20240325;100017;293.76;70;9938149970;S
20240325;100017;293.77;60;9938149980;S
20240325;100017;293.77;70;9938149986;S
20240325;100017;293.77;70;9938150020;S
20240325;100017;293.81;50;9938150048;B
20240325;100017;293.77;80;9938150088;S
20240325;100017;293.8;800;9938150198;B
20240325;100018;293.79;100;9938150439;B
20240325;100018;293.77;400;9938150448;S
20240325;100018;293.76;130;9938150449;S
20240325;100018;293.75;1030;9938150450;S
20240325;100018;293.75;420;9938150451;S
20240325;100018;293.74;420;9938150452;S
20240325;100018;293.73;420;9938150453;S
20240325;100018;293.72;180;9938150454;S
20240325;100018;293.75;150;9938150562;S
20240325;100018;293.8;20;9938150569;B
20240325;100019;293.8;680;9938150647;B
20240325;100019;293.81;170;9938150648;B
20240325;100019;293.8;320;9938150750;S
20240325;100019;293.8;1000;9938150751;S
20240325;100019;293.8;400;9938150752;S
20240325;100019;293.8;510;9938150753;S
20240325;100019;293.79;200;9938150754;S
20240325;100019;293.78;570;9938150755;S
20240325;100019;293.81;20;9938150757;B
20240325;100019;293.81;10;9938150763;B
20240325;100019;293.81;530;9938150798;B
20240325;100019;293.84;420;9938150799;B
20240325;100019;293.85;420;9938150800;B
20240325;100019;293.85;220;9938150801;B
20240325;100019;293.86;410;9938150802;B
20240325;100020;293.85;500;9938150907;S
20240325;100020;293.84;400;9938150908;S
20240325;100020;293.8;1030;9938150909;S
20240325;100020;293.8;350;9938150910;S
20240325;100020;293.79;420;9938150911;S
20240325;100020;293.79;300;9938150912;S
20240325;100020;293.9;20;9938150985;B
20240325;100020;293.9;400;9938150998;B
20240325;100020;293.9;400;9938150999;B
20240325;100020;293.91;200;9938151000;B
20240325;100020;293.84;10;9938151052;S
20240325;100020;293.84;20;9938151058;S
20240325;100021;293.9;10;9938151319;S
20240325;100022;293.9;90;9938151736;S
20240325;100022;293.9;210;9938151737;S
20240325;100022;293.91;20;9938151814;B
20240325;100022;293.9;140;9938151840;S
20240325;100022;293.91;30;9938151908;B
20240325;100023;293.91;20;9938152154;B
20240325;100023;293.91;150;9938152220;B
20240325;100023;293.91;100;9938152221;B
20240325;100023;293.91;100;9938152222;B
20240325;100023;293.92;490;9938152223;B
20240325;100023;293.92;30;9938152224;B
20240325;100023;293.92;420;9938152225;B
20240325;100023;293.92;400;9938152226;B
20240325;100023;293.93;310;9938152227;B
20240325;100024;293.9;10;9938152496;S
20240325;100024;293.9;30;9938152504;S
20240325;100024;293.93;10;9938152585;B
20240325;100024;293.93;100;9938152639;B
20240325;100024;293.93;400;9938152640;B
20240325;100024;293.93;500;9938152641;B
20240325;100024;293.93;2000;9938152642;B
20240325;100024;293.93;2000;9938152643;B
20240325;100024;293.94;500;9938152644;B
20240325;100024;293.94;420;9938152645;B
20240325;100024;293.95;420;9938152646;B
20240325;100024;293.96;120;9938152647;B
20240325;100024;293.96;420;9938152648;B
20240325;100024;293.96;120;9938152649;B
20240325;100024;293.95;430;9938152663;S
20240325;100024;293.91;50;9938152664;S
20240325;100024;293.9;2610;9938152665;S
20240325;100024;293.84;400;9938152666;S
20240325;100024;293.83;420;9938152667;S
20240325;100024;293.82;420;9938152668;S
20240325;100024;293.81;420;9938152669;S
20240325;100024;293.81;250;9938152670;S
20240325;100025;293.81;780;9938152688;S
20240325;100025;293.81;420;9938152689;S
20240325;100025;293.8;420;9938152690;S
20240325;100025;293.8;400;9938152691;S
20240325;100025;293.79;420;9938152692;S
20240325;100025;293.79;1610;9938152693;S
20240325;100025;293.78;420;9938152694;S
20240325;100025;293.78;2000;9938152695;S
20240325;100025;293.77;420;9938152696;S
20240325;100025;293.76;420;9938152697;S
20240325;100025;293.75;420;9938152698;S
20240325;100025;293.75;270;9938152699;S
20240325;100025;293.75;1560;9938152717;S
20240325;100025;293.75;350;9938152718;S
20240325;100025;293.75;2000;9938152719;S
20240325;100025;293.74;420;9938152720;S
20240325;100025;293.73;3000;9938152721;S
20240325;100025;293.72;300;9938152722;S
20240325;100025;293.73;400;9938152777;S
20240325;100025;293.73;420;9938152778;S
20240325;100025;293.72;1180;9938152779;S
20240325;100025;293.87;10;9938152799;B
20240325;100025;293.71;10;9938152947;S
20240325;100025;293.7;10;9938152948;S
20240325;100025;293.77;100;9938152959;B
20240325;100026;293.77;100;9938153117;B
20240325;100026;293.77;210;9938153118;B
20240325;100026;293.81;500;9938153135;B
20240325;100026;293.76;400;9938153148;S
20240325;100026;293.75;550;9938153149;S
20240325;100026;293.77;200;9938153185;B
20240325;100026;293.74;300;9938153201;S
20240325;100026;293.74;100;9938153202;S
20240325;100027;293.73;400;9938153287;S
20240325;100027;293.73;120;9938153288;S
20240325;100027;293.73;140;9938153399;S
20240325;100027;293.74;30;9938153444;B
20240325;100027;293.72;20;9938153500;S
20240325;100028;293.74;50;9938153601;B
20240325;100028;293.74;450;9938153602;B
20240325;100028;293.73;140;9938153717;S
20240325;100028;293.73;260;9938153806;S
20240325;100028;293.71;380;9938153807;S
20240325;100028;293.71;400;9938153808;S
20240325;100028;293.7;1030;9938153809;S
20240325;100028;293.69;420;9938153810;S
20240325;100028;293.68;1850;9938153811;S
20240325;100028;293.68;660;9938153812;S
20240325;100029;293.74;10;9938153877;B
20240325;100029;293.69;10;9938153878;S
20240325;100029;293.69;200;9938154113;S
20240325;100029;293.72;50;9938154117;B
20240325;100029;293.73;50;9938154118;B
20240325;100029;293.74;140;9938154119;B
20240325;100029;293.77;300;9938154120;B
20240325;100029;293.77;420;9938154121;B
20240325;100029;293.77;400;9938154122;B
20240325;100029;293.78;420;9938154123;B
20240325;100029;293.78;140;9938154124;B
20240325;100029;293.79;80;9938154125;B
20240325;100030;293.82;420;9938154160;B
20240325;100030;293.83;420;9938154161;B
20240325;100030;293.83;140;9938154162;B
20240325;100030;293.84;420;9938154163;B
20240325;100030;293.85;420;9938154164;B
20240325;100030;293.85;400;9938154165;B
20240325;100030;293.86;420;9938154166;B
20240325;100030;293.87;420;9938154167;B
20240325;100030;293.87;3080;9938154168;B
20240325;100030;293.87;750;9938154169;B
20240325;100030;293.88;80;9938154355;B
20240325;100031;293.81;10;9938154515;S
20240325;100031;293.88;80;9938154601;B
20240325;100031;293.88;10;9938154605;B
20240325;100031;293.81;340;9938154679;S
20240325;100031;293.81;390;9938154680;S
20240325;100031;293.86;30;9938154779;B
20240325;100031;293.86;390;9938154862;B
20240325;100031;293.86;60;9938154863;B
20240325;100032;293.86;10;9938154957;B
20240325;100032;293.86;330;9938155049;B
20240325;100032;293.86;420;9938155050;B
20240325;100032;293.87;420;9938155051;B
20240325;100032;293.87;730;9938155052;B
20240325;100032;293.88;420;9938155053;B
20240325;100032;293.89;2000;9938155054;B
20240325;100032;293.89;420;9938155055;B
20240325;100032;293.9;330;9938155056;B
20240325;100032;293.9;10;9938155057;B
20240325;100032;293.9;420;9938155058;B
20240325;100032;293.91;10;9938155059;B
20240325;100032;293.91;420;9938155060;B
20240325;100032;293.92;420;9938155061;B
20240325;100032;293.93;420;9938155062;B
20240325;100032;293.93;10;9938155063;S
20240325;100032;293.93;2220;9938155064;S
20240325;100032;293.83;20;9938155090;S
20240325;100032;293.92;30;9938155103;B
20240325;100032;293.83;300;9938155110;S
20240325;100033;293.84;400;9938155593;B
20240325;100033;293.84;250;9938155594;B
20240325;100033;293.84;10;9938155595;B
20240325;100033;293.85;500;9938155596;B
20240325;100033;293.88;390;9938155597;B
20240325;100034;293.87;10;9938155682;B
20240325;100034;293.81;1030;9938155684;S
20240325;100034;293.81;420;9938155685;S
20240325;100034;293.8;1000;9938155686;S
20240325;100034;293.8;420;9938155687;S
20240325;100034;293.79;400;9938155772;B
20240325;100034;293.8;7130;9938155773;B
20240325;100034;293.83;2000;9938155774;B
20240325;100034;293.84;470;9938155775;B
20240325;100034;293.87;400;9938155815;B
20240325;100034;293.87;100;9938155816;B
20240325;100034;293.87;20;9938155818;B
20240325;100034;293.87;60;9938155821;B
20240325;100034;293.87;10;9938155854;B
20240325;100035;293.87;10;9938156014;B
20240325;100035;293.8;100;9938156061;S
20240325;100035;293.8;10;9938156062;S
20240325;100035;293.82;50;9938156091;S
20240325;100035;293.86;400;9938156195;B
20240325;100035;293.86;50;9938156196;B
20240325;100036;293.86;100;9938156262;B
20240325;100036;293.83;50;9938156312;S
20240325;100036;293.82;670;9938156313;S
20240325;100036;293.84;80;9938156353;B
20240325;100036;293.82;100;9938156424;S
20240325;100036;293.82;50;9938156540;S
20240325;100037;293.84;320;9938156602;B
20240325;100037;293.85;180;9938156603;B
20240325;100037;293.84;400;9938156751;B
20240325;100037;293.85;80;9938156752;B
20240325;100037;293.84;50;9938156762;B
20240325;100037;293.85;140;9938156806;B
20240325;100038;293.85;300;9938156933;B
20240325;100038;293.82;130;9938157077;S
20240325;100038;293.82;20;9938157078;S
20240325;100038;293.81;1030;9938157079;S
20240325;100038;293.8;470;9938157080;S
20240325;100038;293.8;400;9938157081;S
20240325;100038;293.78;500;9938157082;S
20240325;100038;293.78;500;9938157083;S
20240325;100038;293.78;420;9938157084;S
20240325;100038;293.77;420;9938157085;S
20240325;100038;293.76;110;9938157086;S
20240325;100038;293.8;100;9938157192;B
20240325;100039;293.76;10;9938157326;S
20240325;100039;293.75;390;9938157327;S
20240325;100039;293.8;400;9938157353;B
20240325;100039;293.81;20;9938157385;B
20240325;100039;293.81;400;9938157392;S
20240325;100039;293.8;150;9938157393;S
20240325;100039;293.8;1200;9938157435;S
20240325;100040;293.82;20;9938157773;B
20240325;100040;293.82;330;9938157815;B
20240325;100040;293.83;1670;9938157816;B
20240325;100040;293.8;300;9938157827;S
20240325;100041;293.8;70;9938157846;S
20240325;100041;293.8;320;9938157876;S
20240325;100041;293.8;10;9938157880;S
20240325;100041;293.82;40;9938157896;B
20240325;100041;293.8;10;9938157913;S
20240325;100041;293.82;310;9938157919;B
20240325;100041;293.82;70;9938157920;B
20240325;100041;293.82;620;9938157921;B
20240325;100042;293.84;70;9938158157;B
20240325;100042;293.84;20;9938158237;B
20240325;100042;293.84;1910;9938158366;B
20240325;100042;293.85;420;9938158367;B
20240325;100042;293.85;400;9938158368;B
20240325;100042;293.86;420;9938158369;B
20240325;100042;293.86;60;9938158370;B
20240325;100042;293.87;10;9938158371;B
20240325;100042;293.87;420;9938158372;B
20240325;100042;293.87;100;9938158373;B
20240325;100042;293.88;1260;9938158374;B
20240325;100043;293.88;10;9938158384;B
20240325;100043;293.88;20;9938158440;B
20240325;100043;293.88;10;9938158443;B
20240325;100043;293.88;10;9938158484;B
20240325;100044;293.85;100;9938158707;S
20240325;100044;293.88;10;9938158722;B
20240325;100044;293.88;10;9938158817;B
20240325;100044;293.88;10;9938158839;B
20240325;100044;293.85;930;9938158888;S
20240325;100044;293.85;350;9938158889;S
20240325;100044;293.84;320;9938158890;S
20240325;100044;293.88;150;9938158892;B
20240325;100044;293.85;1030;9938158963;S
20240325;100044;293.84;1180;9938158964;S
20240325;100044;293.84;10;9938158965;S
20240325;100044;293.81;350;9938158966;S
20240325;100044;293.81;400;9938158967;S
20240325;100044;293.8;1730;9938158968;S
20240325;100044;293.84;1030;9938158970;S
20240325;100044;293.81;420;9938158971;S
20240325;100044;293.81;350;9938158972;S
20240325;100044;293.81;400;9938158973;S
20240325;100044;293.8;3600;9938158974;S
20240325;100044;293.81;10;9938158980;S
20240325;100045;293.81;1000;9938159024;S
20240325;100045;293.87;20;9938159034;B
20240325;100045;293.87;200;9938159085;B
20240325;100045;293.87;20;9938159174;B
20240325;100045;293.87;380;9938159191;B
20240325;100045;293.88;1620;9938159192;B
20240325;100045;293.82;400;9938159204;S
20240325;100045;293.81;350;9938159205;S
20240325;100045;293.81;1030;9938159206;S
20240325;100045;293.8;2210;9938159207;S
20240325;100045;293.8;950;9938159208;S
20240325;100045;293.8;10;9938159209;S
20240325;100045;293.8;1050;9938159210;S
20240325;100045;293.81;140;9938159251;S
20240325;100045;293.87;400;9938159259;B
20240325;100046;293.81;890;9938159272;S
20240325;100046;293.8;950;9938159273;S
20240325;100046;293.8;30;9938159274;S
20240325;100046;293.79;420;9938159275;S
20240325;100046;293.79;20;9938159276;S
20240325;100046;293.79;400;9938159277;S
20240325;100046;293.78;420;9938159278;S
20240325;100046;293.77;420;9938159279;S
20240325;100046;293.77;350;9938159280;S
20240325;100046;293.76;420;9938159281;S
20240325;100046;293.76;2000;9938159282;S
20240325;100046;293.76;2000;9938159283;S
20240325;100046;293.75;420;9938159284;S
20240325;100046;293.74;420;9938159285;S
20240325;100046;293.73;420;9938159286;S
20240325;100046;293.72;2000;9938159287;S
20240325;100046;293.72;420;9938159288;S
20240325;100046;293.71;420;9938159289;S
20240325;100046;293.7;8000;9938159290;S
20240325;100046;293.7;100;9938159291;S
20240325;100046;293.7;420;9938159292;S
20240325;100046;293.69;2000;9938159293;S
20240325;100046;293.68;340;9938159294;S
20240325;100046;293.67;2000;9938159295;S
20240325;100046;293.67;2000;9938159296;S
20240325;100046;293.67;2720;9938159297;S
20240325;100046;293.73;10;9938159319;B
20240325;100046;293.73;300;9938159337;B
20240325;100046;293.73;90;9938159480;B
20240325;100046;293.74;60;9938159481;B
20240325;100046;293.73;10;9938159537;B
20240325;100047;293.73;390;9938159549;B
20240325;100047;293.74;1610;9938159550;B
20240325;100047;293.73;20;9938159704;B
20240325;100047;293.73;100;9938159715;B
20240325;100047;293.73;280;9938159786;B
20240325;100047;293.74;20;9938159787;B
20240325;100048;293.74;10;9938159814;B
20240325;100048;293.73;10;9938159815;B
20240325;100048;293.67;200;9938159825;S
20240325;100048;293.72;50;9938159905;B
20240325;100048;293.74;460;9938159906;B
20240325;100048;293.74;10;9938159916;B
20240325;100048;293.68;70;9938159986;S
20240325;100049;293.73;70;9938160112;B
20240325;100049;293.74;550;9938160113;B
20240325;100049;293.74;420;9938160114;B
20240325;100049;293.75;420;9938160115;B
20240325;100049;293.75;2000;9938160116;B
20240325;100049;293.75;400;9938160117;B
20240325;100049;293.76;420;9938160118;B
20240325;100049;293.76;720;9938160119;B
20240325;100049;293.69;50;9938160259;S
20240325;100049;293.76;100;9938160300;B
20240325;100049;293.76;20;9938160357;B
20240325;100050;293.76;250;9938160537;B
20240325;100050;293.76;50;9938160560;B
20240325;100050;293.78;420;9938160703;B
20240325;100050;293.78;1580;9938160704;B
20240325;100050;293.71;70;9938160711;S
20240325;100050;293.78;10;9938160722;B
20240325;100050;293.68;360;9938160839;S
20240325;100050;293.73;10;9938160860;B
20240325;100051;293.67;80;9938160895;S
20240325;100051;293.67;280;9938160930;S
20240325;100051;293.72;70;9938161184;B
20240325;100051;293.67;80;9938161215;S
20240325;100051;293.67;60;9938161237;S
20240325;100051;293.66;170;9938161238;S
20240325;100051;293.66;270;9938161239;S
20240325;100052;293.65;150;9938161345;S
20240325;100052;293.65;430;9938161369;S
20240325;100052;293.65;290;9938161394;S
20240325;100052;293.65;460;9938161402;S
20240325;100052;293.65;500;9938161403;S
20240325;100052;293.61;650;9938161659;S
20240325;100052;293.61;200;9938161697;S
20240325;100052;293.62;2000;9938161732;B
20240325;100053;293.62;30;9938161888;B
20240325;100053;293.62;1170;9938161893;B
20240325;100053;293.63;830;9938161894;B
20240325;100054;293.61;650;9938162164;S
20240325;100054;293.61;400;9938162165;S
20240325;100054;293.6;20;9938162166;S
20240325;100054;293.6;3000;9938162167;S
20240325;100054;293.6;500;9938162168;S
20240325;100054;293.59;10;9938162169;S
20240325;100054;293.59;60;9938162170;S
20240325;100054;293.6;100;9938162171;B
20240325;100054;293.61;100;9938162172;B
20240325;100054;293.6;350;9938162223;B
20240325;100054;293.61;50;9938162224;B
20240325;100054;293.58;50;9938162242;S
20240325;100054;293.58;80;9938162280;S
20240325;100054;293.58;40;9938162286;S
20240325;100054;293.59;10;9938162288;B
20240325;100054;293.59;50;9938162295;B
20240325;100054;293.59;10;9938162311;B
20240325;100055;293.58;160;9938162364;S
20240325;100055;293.58;10;9938162391;S
20240325;100055;293.59;50;9938162515;B
20240325;100055;293.6;300;9938162516;B
20240325;100055;293.58;10;9938162519;S
20240325;100055;293.64;50;9938162534;B
20240325;100055;293.56;420;9938162599;S
20240325;100055;293.56;400;9938162600;S
20240325;100055;293.55;180;9938162601;S
20240325;100055;293.62;50;9938162621;B
20240325;100056;293.62;10;9938162752;B
20240325;100056;293.56;420;9938162969;S
20240325;100056;293.55;370;9938162970;S
20240325;100056;293.55;420;9938162971;S
20240325;100056;293.55;3000;9938162972;S
20240325;100056;293.55;500;9938162973;S
20240325;100056;293.54;1000;9938162974;S
20240325;100056;293.54;420;9938162975;S
20240325;100056;293.54;400;9938162976;S
20240325;100056;293.53;420;9938162977;S
20240325;100056;293.53;2000;9938162978;S
20240325;100056;293.52;2000;9938162979;S
20240325;100056;293.52;420;9938162980;S
20240325;100056;293.51;7000;9938162981;S
20240325;100056;293.51;470;9938162982;S
20240325;100056;293.51;50;9938162983;S
20240325;100056;293.51;10;9938162984;S
20240325;100056;293.51;420;9938162985;S
20240325;100056;293.5;10;9938162986;S
20240325;100056;293.5;1000;9938162987;S
20240325;100056;293.5;300;9938162988;S
20240325;100056;293.5;1440;9938162989;S
20240325;100056;293.5;100;9938162990;S
20240325;100056;293.5;10;9938162991;S
20240325;100056;293.5;200;9938162992;S
20240325;100056;293.5;40;9938162993;S
20240325;100056;293.5;20000;9938162994;S
20240325;100056;293.5;10;9938162995;S
20240325;100056;293.5;3500;9938162996;S
20240325;100056;293.5;40;9938162997;S
20240325;100056;293.5;420;9938162998;S
20240325;100056;293.5;2000;9938162999;S
20240325;100056;293.49;50;9938163000;S
20240325;100056;293.49;420;9938163001;S
20240325;100056;293.48;750;9938163002;S
20240325;100056;293.48;390;9938163003;S
20240325;100056;293.56;400;9938163037;B
20240325;100056;293.56;50;9938163038;B
20240325;100057;293.54;10;9938163128;S
20240325;100057;293.52;40;9938163129;S
20240325;100057;293.57;420;9938163194;B
20240325;100057;293.57;400;9938163195;B
20240325;100057;293.58;420;9938163196;B
20240325;100057;293.58;760;9938163197;B
20240325;100057;293.52;10;9938163312;S
20240325;100057;293.57;10;9938163340;B
20240325;100057;293.53;80;9938163405;S
20240325;100058;293.52;1400;9938163435;S
20240325;100058;293.52;180;9938163537;S
20240325;100058;293.52;100;9938163573;S
20240325;100058;293.53;10;9938163639;B
20240325;100059;293.53;1360;9938164003;B
20240325;100059;293.53;40;9938164004;B
20240325;100059;293.53;500;9938164065;B
20240325;100059;293.52;90;9938164097;S
20240325;100100;293.52;1180;9938164113;S
20240325;100100;293.51;2000;9938164114;S
20240325;100100;293.51;400;9938164115;S
20240325;100100;293.5;50;9938164116;S
20240325;100100;293.5;700;9938164117;B
20240325;100100;293.5;670;9938164118;B
20240325;100100;293.51;400;9938164119;B
20240325;100100;293.52;10;9938164167;S
20240325;100100;293.53;100;9938164222;B
20240325;100100;293.53;730;9938164277;B
20240325;100100;293.54;420;9938164278;B
20240325;100100;293.55;420;9938164279;B
20240325;100100;293.56;420;9938164280;B
20240325;100100;293.56;2000;9938164281;B
20240325;100100;293.56;2000;9938164282;B
20240325;100100;293.56;400;9938164283;B
20240325;100100;293.57;420;9938164284;B
20240325;100100;293.58;420;9938164285;B
20240325;100100;293.59;420;9938164286;B
20240325;100100;293.59;2000;9938164287;B
20240325;100100;293.6;350;9938164288;B
20240325;100100;293.58;10;9938164333;B
20240325;100100;293.54;20;9938164492;S
20240325;100100;293.53;30;9938164493;S
20240325;100101;293.59;10;9938164579;B
20240325;100101;293.53;10;9938164606;S
20240325;100101;293.58;10;9938164658;B
20240325;100101;293.56;80;9938164677;S
20240325;100101;293.58;60;9938164686;B
20240325;100101;293.56;20;9938164774;S
20240325;100102;293.56;10;9938164854;S
20240325;100102;293.58;20;9938164911;B
20240325;100102;293.56;100;9938164966;S
20240325;100102;293.56;290;9938164971;S
20240325;100102;293.55;210;9938164972;S
20240325;100102;293.59;20;9938165050;B
20240325;100102;293.6;20;9938165051;B
20240325;100102;293.57;400;9938165085;S
20240325;100102;293.56;540;9938165086;S
20240325;100103;293.56;50;9938165109;S
20240325;100103;293.56;10;9938165157;S
20240325;100103;293.6;30;9938165220;B
20240325;100103;293.6;80;9938165221;B
20240325;100103;293.6;20;9938165223;B
20240325;100103;293.61;350;9938165224;B
20240325;100103;293.62;390;9938165225;B
20240325;100103;293.56;20;9938165270;S
20240325;100103;293.56;240;9938165340;S
20240325;100104;293.58;500;9938165552;S
20240325;100104;293.56;40;9938165553;S
20240325;100104;293.56;140;9938165554;S
20240325;100104;293.55;320;9938165555;S
20240325;100105;293.64;10;9938165917;B
20240325;100105;293.64;90;9938166029;B
20240325;100105;293.64;320;9938166083;B
20240325;100105;293.64;400;9938166084;B
20240325;100105;293.64;50;9938166092;S
20240325;100105;293.65;210;9938166140;B
20240325;100106;293.64;80;9938166297;S
20240325;100106;293.64;10;9938166325;S
20240325;100106;293.65;50;9938166355;B
20240325;100106;293.65;30;9938166420;B
20240325;100106;293.65;500;9938166431;B
20240325;100106;293.65;340;9938166470;B
20240325;100107;293.65;10;9938166620;B
20240325;100107;293.65;10;9938166667;B
20240325;100108;293.65;1200;9938166872;B
20240325;100108;293.65;400;9938166924;B
20240325;100108;293.64;900;9938167095;S
20240325;100109;293.65;10;9938167192;B
20240325;100109;293.65;10;9938167198;B
20240325;100109;293.64;20;9938167278;S
20240325;100109;293.64;220;9938167299;S
20240325;100109;293.64;1480;9938167300;S
20240325;100109;293.65;10;9938167318;B
20240325;100109;293.66;420;9938167383;B
20240325;100109;293.67;1580;9938167384;B
20240325;100110;293.65;10;9938167528;S
20240325;100110;293.66;80;9938167579;S
20240325;100110;293.68;190;9938167612;B
20240325;100110;293.66;30;9938167620;S
20240325;100110;293.66;290;9938167653;S
20240325;100110;293.66;50;9938167654;S
20240325;100110;293.65;50;9938167655;S
20240325;100110;293.65;10;9938167663;B
20240325;100110;293.64;400;9938167668;S
20240325;100110;293.64;500;9938167669;S
20240325;100110;293.64;400;9938167670;S
20240325;100110;293.62;400;9938167671;S
20240325;100110;293.6;30;9938167672;S
20240325;100110;293.6;150;9938167673;S
20240325;100110;293.59;140;9938167674;S
20240325;100110;293.59;350;9938167675;S
20240325;100110;293.59;350;9938167676;S
20240325;100110;293.59;420;9938167677;S
20240325;100110;293.58;420;9938167678;S
20240325;100110;293.58;1000;9938167679;S
20240325;100110;293.57;420;9938167680;S
20240325;100110;293.56;20;9938167681;S
20240325;100110;293.65;10;9938167694;B
20240325;100110;293.65;10;9938167714;B
20240325;100111;293.56;400;9938167746;S
20240325;100111;293.56;1600;9938167747;S
20240325;100111;293.65;50;9938167785;B
20240325;100111;293.65;30;9938167810;B
20240325;100111;293.65;10;9938167811;B
20240325;100111;293.65;350;9938167812;B
20240325;100111;293.66;420;9938167813;B
20240325;100111;293.67;420;9938167814;B
20240325;100111;293.68;230;9938167815;B
20240325;100111;293.69;50;9938167816;B
20240325;100111;293.69;420;9938167817;B
20240325;100111;293.7;420;9938167818;B
20240325;100111;293.7;400;9938167819;B
20240325;100111;293.71;200;9938167820;B
20240325;100111;293.56;400;9938167821;S
20240325;100111;293.56;900;9938167822;S
20240325;100111;293.69;10;9938167824;B
20240325;100111;293.69;10;9938167867;B
20240325;100111;293.59;60;9938167906;S
20240325;100112;293.69;400;9938168036;B
20240325;100112;293.69;10;9938168037;B
20240325;100112;293.69;400;9938168038;B
20240325;100112;293.7;3190;9938168039;B
20240325;100112;293.66;300;9938168047;S
20240325;100112;293.66;10;9938168121;S
20240325;100112;293.67;40;9938168190;S
20240325;100112;293.7;10;9938168222;B
20240325;100113;293.66;340;9938168505;S
20240325;100113;293.65;1660;9938168506;S
20240325;100113;293.65;340;9938168549;S
20240325;100113;293.65;100;9938168550;S
20240325;100113;293.64;20;9938168551;S
20240325;100113;293.62;210;9938168552;S
20240325;100113;293.69;10;9938168580;B
20240325;100113;293.6;30;9938168587;S
20240325;100113;293.6;390;9938168607;S
20240325;100113;293.6;150;9938168608;S
20240325;100113;293.63;350;9938168650;B
20240325;100113;293.63;330;9938168651;B
20240325;100114;293.69;420;9938168699;B
20240325;100114;293.69;270;9938168700;B
20240325;100114;293.69;130;9938168740;B
20240325;100114;293.69;170;9938168741;B
20240325;100114;293.6;10;9938168760;S
20240325;100115;293.62;10;9938168940;S
20240325;100115;293.67;400;9938168961;B
20240325;100115;293.68;500;9938168962;B
20240325;100115;293.68;910;9938168963;B
20240325;100115;293.69;190;9938168964;B
20240325;100115;293.69;450;9938169140;B
20240325;100116;293.68;60;9938169255;B
20240325;100116;293.65;30;9938169411;S
20240325;100116;293.65;30;9938169427;S
20240325;100116;293.65;300;9938169429;S
20240325;100116;293.68;90;9938169455;B
20240325;100116;293.65;40;9938169464;S
20240325;100116;293.64;50;9938169465;S
20240325;100116;293.63;350;9938169466;S
20240325;100116;293.63;350;9938169467;S
20240325;100116;293.63;210;9938169468;S
20240325;100117;293.68;150;9938169620;B
20240325;100117;293.7;1210;9938169621;B
20240325;100117;293.7;10;9938169622;B
20240325;100117;293.7;500;9938169623;B
20240325;100117;293.71;10;9938169624;B
20240325;100117;293.71;120;9938169625;B
20240325;100117;293.65;350;9938169686;S
20240325;100117;293.64;400;9938169687;S
20240325;100117;293.64;350;9938169688;S
20240325;100117;293.63;420;9938169689;S
20240325;100117;293.63;400;9938169690;S
20240325;100117;293.62;420;9938169691;S
20240325;100117;293.61;420;9938169692;S
20240325;100117;293.6;420;9938169693;S
20240325;100117;293.6;20;9938169694;S
20240325;100117;293.6;50;9938169695;S
20240325;100117;293.6;910;9938169696;S
20240325;100117;293.59;420;9938169697;S
20240325;100117;293.58;10;9938169698;S
20240325;100117;293.58;410;9938169699;S
20240325;100117;293.59;10;9938169768;S
20240325;100117;293.72;200;9938169769;B
20240325;100117;293.59;20;9938169849;S
20240325;100118;293.69;20;9938169856;B
20240325;100118;293.69;10;9938169897;B
20240325;100118;293.58;10;9938169899;S
20240325;100118;293.58;100;9938169900;S
20240325;100118;293.58;390;9938169901;S
20240325;100118;293.69;10;9938169906;B
20240325;100118;293.69;10;9938169911;B
20240325;100119;293.65;10;9938170187;B
20240325;100119;293.65;10;9938170244;B
20240325;100119;293.69;10;9938170271;B
20240325;100120;293.65;50;9938170371;S
20240325;100120;293.64;50;9938170372;S
20240325;100120;293.69;20;9938170377;B
20240325;100120;293.69;10;9938170383;B
20240325;100120;293.65;100;9938170699;B
20240325;100121;293.65;100;9938170764;B
20240325;100121;293.67;420;9938170765;B
20240325;100121;293.67;700;9938170766;B
20240325;100121;293.68;420;9938170767;B
20240325;100121;293.68;400;9938170768;B
20240325;100121;293.69;380;9938170769;B
20240325;100121;293.69;2000;9938170770;B
20240325;100121;293.69;250;9938170771;B
20240325;100121;293.7;20;9938170772;B
20240325;100121;293.7;420;9938170773;B
20240325;100121;293.71;420;9938170774;B
20240325;100121;293.72;220;9938170775;B
20240325;100121;293.72;2000;9938170776;B
20240325;100121;293.72;2000;9938170777;B
20240325;100121;293.73;250;9938170778;B
20240325;100121;293.66;350;9938170854;S
20240325;100121;293.66;400;9938170855;S
20240325;100121;293.65;250;9938170856;B
20240325;100121;293.71;30;9938170884;B
20240325;100121;293.64;100;9938170910;S
20240325;100121;293.64;50;9938170928;S
20240325;100121;293.7;20;9938170971;B
20240325;100122;293.7;380;9938171157;B
20240325;100122;293.71;4380;9938171158;B
20240325;100122;293.72;500;9938171159;B
20240325;100122;293.72;420;9938171160;B
20240325;100122;293.73;170;9938171161;B
20240325;100122;293.73;620;9938171162;B
20240325;100122;293.72;400;9938171204;B
20240325;100122;293.72;1600;9938171205;B
20240325;100123;293.67;10;9938171449;B
20240325;100123;293.67;10;9938171545;B
20240325;100123;293.67;40;9938171556;B
20240325;100123;293.73;3200;9938171557;B
20240325;100123;293.7;400;9938171568;S
20240325;100124;293.66;10;9938171847;S
20240325;100125;293.7;900;9938171887;B
20240325;100125;293.72;350;9938171888;B
20240325;100125;293.73;750;9938171889;B
20240325;100125;293.74;420;9938171941;B
20240325;100125;293.75;20;9938171942;B
20240325;100125;293.75;420;9938171943;B
20240325;100125;293.76;420;9938171944;B
20240325;100125;293.77;420;9938171945;B
20240325;100125;293.77;400;9938171946;B
20240325;100125;293.78;420;9938171947;B
20240325;100125;293.78;480;9938171948;B
20240325;100125;293.78;170;9938172019;B
20240325;100126;293.71;10;9938172151;S
20240325;100126;293.78;80;9938172222;B
20240325;100126;293.78;500;9938172247;B
20240325;100126;293.78;400;9938172272;B
20240325;100126;293.78;260;9938172309;B
20240325;100126;293.78;110;9938172322;B
20240325;100126;293.78;400;9938172323;B
20240325;100126;293.78;420;9938172324;B
20240325;100126;293.78;910;9938172325;B
20240325;100126;293.79;20;9938172326;B
20240325;100126;293.79;140;9938172327;B
20240325;100127;293.79;280;9938172472;B
20240325;100127;293.79;400;9938172473;B
20240325;100127;293.8;420;9938172474;B
20240325;100127;293.8;1590;9938172475;B
20240325;100127;293.79;20;9938172490;B
20240325;100127;293.79;240;9938172504;B
20240325;100127;293.8;3500;9938172515;B
20240325;100127;293.75;50;9938172516;S
20240325;100127;293.76;400;9938172530;S
20240325;100127;293.75;300;9938172531;S
20240325;100127;293.74;300;9938172532;S
20240325;100127;293.75;400;9938172565;S
20240325;100127;293.74;1200;9938172566;S
20240325;100127;293.74;420;9938172567;S
20240325;100127;293.74;50;9938172568;S
20240325;100127;293.73;420;9938172569;S
20240325;100127;293.72;420;9938172570;S
20240325;100127;293.71;420;9938172571;S
20240325;100127;293.7;420;9938172572;S
20240325;100127;293.69;420;9938172573;S
20240325;100127;293.68;420;9938172574;S
20240325;100127;293.67;420;9938172575;S
20240325;100127;293.67;3080;9938172576;S
20240325;100127;293.67;750;9938172577;S
20240325;100127;293.66;420;9938172578;S
20240325;100127;293.66;5740;9938172579;S
20240325;100127;293.67;400;9938172615;S
20240325;100127;293.67;200;9938172616;S
20240325;100127;293.67;150;9938172620;S
20240325;100127;293.76;290;9938172636;B
20240325;100127;293.78;350;9938172688;B
20240325;100127;293.78;420;9938172689;B
20240325;100127;293.79;420;9938172690;B
20240325;100127;293.79;810;9938172691;B
20240325;100128;293.79;400;9938172714;B
20240325;100128;293.79;420;9938172715;B
20240325;100128;293.79;30;9938172716;B
20240325;100128;293.79;200;9938172721;B
20240325;100128;293.79;300;9938172722;B
20240325;100128;293.79;10;9938172841;B
20240325;100128;293.79;10;9938172854;B
20240325;100128;293.71;400;9938172880;S
20240325;100128;293.7;350;9938172881;S
20240325;100128;293.7;420;9938172882;S
20240325;100128;293.69;140;9938172883;S
20240325;100128;293.72;80;9938172886;S
20240325;100128;293.72;10;9938172932;S
20240325;100128;293.72;310;9938172939;S
20240325;100128;293.71;200;9938172940;S
20240325;100128;293.67;70;9938172941;S
20240325;100128;293.67;260;9938172942;S
20240325;100128;293.72;400;9938172943;S
20240325;100128;293.71;300;9938172944;S
20240325;100128;293.69;350;9938172950;S
20240325;100128;293.68;420;9938172951;S
20240325;100128;293.68;130;9938172952;S
20240325;100128;293.7;420;9938172953;S
20240325;100128;293.69;420;9938172954;S
20240325;100128;293.67;420;9938172955;S
20240325;100128;293.66;90;9938172956;S
20240325;100128;293.66;940;9938172957;S
20240325;100128;293.67;400;9938172958;S
20240325;100128;293.66;220;9938172959;S
20240325;100128;293.67;420;9938172960;S
20240325;100128;293.67;190;9938172961;S
20240325;100128;293.67;210;9938172962;S
20240325;100128;293.67;420;9938172963;S
20240325;100128;293.66;340;9938172964;S
20240325;100128;293.67;70;9938172965;S
20240325;100128;293.75;10;9938172974;B
20240325;100129;293.75;300;9938173009;B
20240325;100129;293.76;200;9938173011;B
20240325;100129;293.71;40;9938173018;B
20240325;100129;293.76;350;9938173019;B
20240325;100129;293.76;420;9938173020;B
20240325;100129;293.77;190;9938173021;B
20240325;100129;293.69;400;9938173120;S
20240325;100129;293.68;50;9938173121;S
20240325;100129;293.67;110;9938173122;S
20240325;100130;293.79;100;9938173243;B
20240325;100130;293.79;40;9938173244;B
20240325;100130;293.79;10;9938173253;B
20240325;100130;293.73;350;9938173305;S
20240325;100130;293.73;100;9938173306;S
20240325;100130;293.79;10;9938173313;B
20240325;100130;293.79;340;9938173324;B
20240325;100130;293.79;420;9938173325;B
20240325;100130;293.8;1970;9938173326;B
20240325;100130;293.74;30;9938173373;S
20240325;100131;293.79;200;9938173533;B
20240325;100131;293.74;50;9938173560;S
20240325;100131;293.72;50;9938173561;S
20240325;100131;293.74;810;9938173692;S
20240325;100131;293.72;330;9938173705;S
20240325;100131;293.79;50;9938173753;B
20240325;100132;293.71;30;9938173924;S
20240325;100132;293.79;20;9938174016;B
20240325;100133;293.71;30;9938174035;S
20240325;100133;293.79;150;9938174038;B
20240325;100133;293.79;400;9938174039;B
20240325;100133;293.8;9450;9938174040;B
20240325;100133;293.71;340;9938174119;S
20240325;100133;293.71;50;9938174120;S
20240325;100133;293.71;420;9938174121;S
20240325;100133;293.7;390;9938174122;S
20240325;100134;293.71;50;9938174237;S
20240325;100134;293.71;10;9938174320;S
20240325;100134;293.78;50;9938174330;B
20240325;100134;293.78;20;9938174331;B
20240325;100134;293.73;400;9938174340;S
20240325;100134;293.72;8000;9938174341;S
20240325;100134;293.7;500;9938174342;S
20240325;100134;293.7;220;9938174343;S
20240325;100134;293.7;420;9938174344;S
20240325;100134;293.69;420;9938174345;S
20240325;100134;293.68;40;9938174346;S
20240325;100134;293.79;420;9938174375;B
20240325;100134;293.79;60;9938174376;B
20240325;100134;293.79;50;9938174377;B
20240325;100134;293.79;400;9938174378;B
20240325;100134;293.8;9070;9938174379;B
20240325;100135;293.69;50;9938174447;S
20240325;100135;293.79;10;9938174497;B
20240325;100135;293.73;40;9938174611;S
20240325;100135;293.8;10;9938174671;B
20240325;100136;293.73;360;9938174732;S
20240325;100136;293.72;40;9938174733;S
20240325;100136;293.8;460;9938174770;B
20240325;100136;293.8;420;9938174771;B
20240325;100136;293.8;400;9938174772;B
20240325;100136;293.81;10;9938174966;B
20240325;100137;293.82;1000;9938174984;B
20240325;100137;293.81;4410;9938175018;S
20240325;100137;293.81;3290;9938175019;S
20240325;100137;293.82;10;9938175033;B
20240325;100137;293.81;460;9938175048;S
20240325;100137;293.82;30;9938175071;B
20240325;100137;293.82;10;9938175208;B
20240325;100138;293.82;20;9938175275;B
20240325;100138;293.82;500;9938175333;B
20240325;100138;293.82;10;9938175353;B
20240325;100138;293.81;20;9938175381;S
20240325;100138;293.82;340;9938175510;B
20240325;100139;293.82;470;9938175542;B
20240325;100139;293.82;1500;9938175556;B
20240325;100139;293.82;540;9938175566;B
20240325;100139;293.81;50;9938175579;S
20240325;100139;293.81;100;9938175618;S
20240325;100140;293.82;10;9938175722;B
20240325;100140;293.81;50;9938175890;S
20240325;100140;293.82;10;9938175900;B
20240325;100141;293.81;20;9938175997;S
20240325;100142;293.81;80;9938176103;S
20240325;100142;293.81;90;9938176104;S
20240325;100142;293.81;130;9938176182;S
20240325;100142;293.81;280;9938176183;S
20240325;100142;293.81;210;9938176184;S
20240325;100142;293.8;410;9938176185;S
20240325;100142;293.8;220;9938176186;S
20240325;100142;293.8;20;9938176187;S
20240325;100142;293.8;180;9938176192;S
20240325;100142;293.8;140;9938176193;S
20240325;100142;293.8;490;9938176194;S
20240325;100142;293.8;110;9938176197;S
20240325;100142;293.8;170;9938176201;S
20240325;100142;293.8;130;9938176202;S
20240325;100142;293.8;510;9938176203;S
20240325;100142;293.8;220;9938176205;S
20240325;100142;293.8;290;9938176206;S
20240325;100142;293.81;70;9938176208;B
20240325;100142;293.8;140;9938176210;S
20240325;100142;293.8;190;9938176211;S
20240325;100142;293.8;70;9938176212;S
20240325;100142;293.8;140;9938176213;S
20240325;100142;293.8;130;9938176214;S
20240325;100142;293.8;130;9938176215;S
20240325;100142;293.8;90;9938176216;S
20240325;100142;293.8;410;9938176217;S
20240325;100142;293.8;150;9938176218;S
20240325;100142;293.8;210;9938176219;S
20240325;100142;293.8;140;9938176221;S
20240325;100142;293.8;140;9938176222;S
20240325;100142;293.8;500;9938176223;S
20240325;100142;293.8;160;9938176224;S
20240325;100142;293.8;350;9938176225;S
20240325;100142;293.8;70;9938176226;S
20240325;100142;293.8;140;9938176227;S
20240325;100142;293.8;180;9938176228;S
20240325;100142;293.8;130;9938176229;S
20240325;100142;293.8;100;9938176257;S
20240325;100142;293.8;10;9938176292;S
20240325;100143;293.81;330;9938176396;B
20240325;100143;293.81;350;9938176397;B
20240325;100143;293.81;70;9938176398;B
20240325;100143;293.81;150;9938176417;B
20240325;100143;293.81;10;9938176440;B
20240325;100143;293.81;340;9938176448;B
20240325;100143;293.81;60;9938176449;B
20240325;100143;293.8;140;9938176461;S
20240325;100143;293.8;190;9938176464;S
20240325;100143;293.8;230;9938176467;S
20240325;100143;293.8;220;9938176468;S
20240325;100143;293.8;190;9938176469;S
20240325;100143;293.8;380;9938176470;S
20240325;100143;293.8;180;9938176474;S
20240325;100143;293.8;90;9938176475;S
20240325;100143;293.8;590;9938176477;S
20240325;100143;293.8;240;9938176479;S
20240325;100143;293.8;90;9938176480;S
20240325;100143;293.8;140;9938176481;S
20240325;100143;293.8;170;9938176482;S
20240325;100143;293.8;310;9938176486;S
20240325;100143;293.8;380;9938176487;S
20240325;100143;293.8;290;9938176488;S
20240325;100143;293.8;180;9938176489;S
20240325;100143;293.8;130;9938176490;S
20240325;100143;293.8;110;9938176491;S
20240325;100143;293.8;110;9938176492;S
20240325;100143;293.8;760;9938176493;S
20240325;100143;293.8;740;9938176494;S
20240325;100143;293.8;110;9938176495;S
20240325;100143;293.8;70;9938176496;S
20240325;100143;293.8;170;9938176497;S
20240325;100143;293.8;470;9938176498;S
20240325;100143;293.8;220;9938176510;S
20240325;100143;293.81;10;9938176532;B
20240325;100144;293.81;10;9938176554;B
20240325;100144;293.81;320;9938176624;B
20240325;100144;293.81;350;9938176625;B
20240325;100144;293.81;270;9938176626;B
20240325;100144;293.82;4060;9938176627;B
20240325;100144;293.81;400;9938176650;B
20240325;100144;293.81;200;9938176651;B
20240325;100144;293.8;50;9938176690;S
20240325;100144;293.81;400;9938176691;B
20240325;100144;293.81;60;9938176692;B
20240325;100144;293.81;200;9938176700;B
20240325;100145;293.81;240;9938176791;B
20240325;100145;293.81;160;9938176806;B
20240325;100145;293.82;1800;9938176807;B
20240325;100145;293.82;100;9938176808;B
20240325;100145;293.82;420;9938176809;B
20240325;100145;293.82;490;9938176810;B
20240325;100145;293.83;30;9938176811;B
20240325;100145;293.81;30;9938177005;B
20240325;100145;293.81;200;9938177022;B
20240325;100145;293.81;110;9938177034;B
20240325;100145;293.83;10;9938177036;B
20240325;100146;293.8;150;9938177073;S
20240325;100146;293.8;340;9938177075;S
20240325;100146;293.8;240;9938177076;S
20240325;100146;293.8;90;9938177077;S
20240325;100146;293.8;110;9938177078;S
20240325;100146;293.8;280;9938177079;S
20240325;100146;293.8;200;9938177081;S
20240325;100146;293.8;160;9938177082;S
20240325;100146;293.8;140;9938177083;S
20240325;100146;293.8;130;9938177084;S
20240325;100146;293.8;340;9938177085;S
20240325;100146;293.8;260;9938177086;S
20240325;100146;293.8;120;9938177087;S
20240325;100146;293.8;270;9938177088;S
20240325;100146;293.8;100;9938177089;S
20240325;100146;293.8;160;9938177090;S
20240325;100146;293.8;140;9938177092;S
20240325;100146;293.8;120;9938177094;S
20240325;100146;293.8;100;9938177095;S
20240325;100146;293.83;10;9938177096;B
20240325;100146;293.8;510;9938177101;S
20240325;100146;293.8;190;9938177102;S
20240325;100146;293.8;640;9938177103;S
20240325;100146;293.8;80;9938177104;S
20240325;100146;293.8;160;9938177106;S
20240325;100146;293.8;110;9938177107;S
20240325;100146;293.8;160;9938177108;S
20240325;100146;293.8;10;9938177109;S
20240325;100146;293.8;20;9938177110;S
20240325;100146;293.79;180;9938177111;S
20240325;100146;293.79;290;9938177112;S
20240325;100146;293.79;90;9938177113;S
20240325;100146;293.79;90;9938177115;S
20240325;100146;293.83;370;9938177116;B
20240325;100146;293.83;130;9938177117;B
20240325;100146;293.79;90;9938177118;S
20240325;100146;293.79;340;9938177119;S
20240325;100146;293.79;70;9938177120;S
20240325;100146;293.79;120;9938177122;S
20240325;100146;293.79;160;9938177124;S
20240325;100146;293.79;130;9938177125;S
20240325;100146;293.79;10;9938177126;S
20240325;100146;293.79;20;9938177127;S
20240325;100146;293.78;80;9938177128;S
20240325;100146;293.8;30;9938177225;B
20240325;100146;293.8;70;9938177233;B
20240325;100146;293.8;300;9938177255;B
20240325;100146;293.78;20;9938177280;S
20240325;100146;293.8;100;9938177291;B
20240325;100146;293.8;300;9938177331;B
20240325;100147;293.78;600;9938177370;S
20240325;100147;293.79;500;9938177441;B
20240325;100147;293.78;10;9938177505;S
20240325;100148;293.73;10;9938177943;S
20240325;100148;293.71;50;9938177944;S
20240325;100148;293.71;10;9938177945;S
20240325;100148;293.71;20;9938177946;S
20240325;100148;293.7;20;9938177947;S
20240325;100148;293.7;130;9938177948;S
20240325;100148;293.7;120;9938177955;S
20240325;100148;293.7;140;9938177956;S
20240325;100148;293.7;80;9938177959;S
20240325;100148;293.7;420;9938177960;S
20240325;100148;293.7;90;9938177961;S
20240325;100148;293.7;10;9938177962;S
20240325;100148;293.7;10;9938177963;S
20240325;100148;293.7;110;9938177964;S
20240325;100148;293.7;730;9938177965;S
20240325;100148;293.7;80;9938177966;S
20240325;100148;293.7;390;9938177967;S
20240325;100148;293.7;140;9938177968;S
20240325;100148;293.7;140;9938177969;S
20240325;100148;293.7;140;9938177970;S
20240325;100148;293.7;340;9938177971;S
20240325;100148;293.7;620;9938177972;S
20240325;100148;293.7;230;9938177974;S
20240325;100148;293.7;110;9938177975;S
20240325;100148;293.7;30;9938177976;S
20240325;100148;293.7;120;9938177977;S
20240325;100148;293.7;230;9938177978;S
20240325;100148;293.7;240;9938177979;S
20240325;100148;293.7;140;9938177980;S
20240325;100148;293.7;90;9938177981;S
20240325;100148;293.7;150;9938177982;S
20240325;100148;293.7;310;9938177983;S
20240325;100148;293.7;60;9938177985;S
20240325;100148;293.7;520;9938177987;S
20240325;100148;293.7;110;9938177988;S
20240325;100148;293.7;100;9938177989;S
20240325;100148;293.7;200;9938177990;S
20240325;100148;293.7;400;9938177991;S
20240325;100148;293.7;160;9938177992;S
20240325;100150;293.75;50;9938178268;B
20240325;100150;293.73;160;9938178357;S
20240325;100150;293.75;350;9938178369;B
20240325;100150;293.76;350;9938178370;B
20240325;100150;293.76;420;9938178371;B
20240325;100150;293.77;1030;9938178372;B
20240325;100150;293.77;420;9938178373;B
20240325;100150;293.78;420;9938178374;B
20240325;100150;293.78;2000;9938178375;B
20240325;100150;293.78;2500;9938178376;B
20240325;100150;293.79;1500;9938178377;B
20240325;100150;293.79;420;9938178378;B
20240325;100150;293.79;910;9938178379;B
20240325;100150;293.8;420;9938178380;B
20240325;100150;293.8;2200;9938178381;B
20240325;100150;293.8;100;9938178382;B
20240325;100150;293.8;300;9938178383;B
20240325;100150;293.81;590;9938178384;B
20240325;100150;293.81;420;9938178385;B
20240325;100150;293.81;650;9938178386;B
20240325;100150;293.73;50;9938178511;S
20240325;100150;293.73;80;9938178546;S
20240325;100150;293.73;10;9938178547;S
20240325;100150;293.73;170;9938178548;S
20240325;100150;293.71;170;9938178549;S
20240325;100150;293.71;250;9938178551;S
20240325;100150;293.71;130;9938178552;S
20240325;100150;293.71;340;9938178553;S
20240325;100150;293.71;220;9938178554;S
20240325;100150;293.71;130;9938178555;S
20240325;100150;293.71;40;9938178557;S
20240325;100150;293.71;30;9938178558;S
20240325;100150;293.7;130;9938178559;S
20240325;100150;293.71;150;9938178560;S
20240325;100150;293.7;100;9938178561;S
20240325;100150;293.7;170;9938178562;S
20240325;100150;293.7;390;9938178563;S
20240325;100150;293.7;130;9938178564;S
20240325;100150;293.7;130;9938178565;S
20240325;100150;293.7;270;9938178567;S
20240325;100150;293.7;80;9938178568;S
20240325;100150;293.7;100;9938178569;S
20240325;100150;293.7;210;9938178571;S
20240325;100150;293.7;90;9938178572;S
20240325;100150;293.7;50;9938178573;S
20240325;100150;293.69;60;9938178576;S
20240325;100150;293.69;110;9938178577;S
20240325;100150;293.69;70;9938178579;S
20240325;100150;293.69;170;9938178580;S
20240325;100150;293.69;10;9938178581;S
20240325;100150;293.68;50;9938178582;S
20240325;100150;293.68;20;9938178583;S
20240325;100150;293.68;210;9938178584;S
20240325;100150;293.68;120;9938178585;S
20240325;100150;293.68;70;9938178586;S
20240325;100150;293.68;60;9938178587;S
20240325;100150;293.68;850;9938178588;S
20240325;100150;293.67;180;9938178589;S
20240325;100150;293.68;130;9938178590;S
20240325;100150;293.68;150;9938178591;S
20240325;100150;293.68;140;9938178592;S
20240325;100150;293.67;10;9938178593;S
20240325;100150;293.68;110;9938178595;S
20240325;100150;293.68;70;9938178596;S
20240325;100150;293.68;110;9938178597;S
20240325;100150;293.68;130;9938178598;S
20240325;100150;293.67;30;9938178599;S
20240325;100150;293.68;110;9938178600;S
20240325;100150;293.76;420;9938178622;B
20240325;100150;293.77;50;9938178623;B
20240325;100150;293.77;420;9938178624;B
20240325;100150;293.78;420;9938178625;B
20240325;100150;293.78;290;9938178626;B
20240325;100151;293.8;40;9938178671;B
20240325;100151;293.75;10;9938178705;S
20240325;100151;293.7;100;9938178706;S
20240325;100151;293.69;420;9938178707;S
20240325;100151;293.68;200;9938178708;S
20240325;100151;293.68;150;9938178709;S
20240325;100151;293.68;70;9938178710;S
20240325;100151;293.68;240;9938178711;S
20240325;100151;293.68;140;9938178712;S
20240325;100151;293.68;140;9938178727;S
20240325;100151;293.68;30;9938178729;S
20240325;100151;293.68;250;9938178730;S
20240325;100151;293.67;60;9938178731;S
20240325;100151;293.68;80;9938178732;S
20240325;100151;293.68;70;9938178733;S
20240325;100151;293.67;140;9938178734;S
20240325;100151;293.67;30;9938178735;S
20240325;100151;293.67;100;9938178745;S
20240325;100151;293.67;260;9938178747;S
20240325;100151;293.67;120;9938178748;S
20240325;100151;293.67;70;9938178753;S
20240325;100151;293.67;130;9938178754;S
20240325;100151;293.67;200;9938178755;S
20240325;100151;293.67;90;9938178756;S
20240325;100151;293.67;10;9938178757;S
20240325;100151;293.67;200;9938178758;S
20240325;100151;293.67;210;9938178759;S
20240325;100151;293.66;180;9938178760;S
20240325;100151;293.67;420;9938178761;S
20240325;100151;293.66;590;9938178762;S
20240325;100151;293.66;230;9938178763;S
20240325;100151;293.66;60;9938178764;S
20240325;100151;293.66;660;9938178765;S
20240325;100151;293.66;120;9938178766;S
20240325;100151;293.66;140;9938178769;S
20240325;100151;293.66;170;9938178770;S
20240325;100151;293.66;160;9938178771;S
20240325;100151;293.66;450;9938178772;S
20240325;100151;293.78;70;9938178782;B
20240325;100151;293.74;10;9938178816;B
20240325;100151;293.67;400;9938178856;S
20240325;100151;293.66;1040;9938178857;S
20240325;100151;293.73;710;9938178912;B
20240325;100152;293.77;400;9938178986;B
20240325;100152;293.77;420;9938178987;B
20240325;100152;293.78;30;9938178988;B
20240325;100152;293.78;150;9938178989;B
20240325;100152;293.73;10;9938179029;B
20240325;100152;293.7;30;9938179035;S
20240325;100152;293.67;400;9938179036;S
20240325;100152;293.66;1570;9938179037;S
20240325;100152;293.67;50;9938179042;S
20240325;100152;293.73;10;9938179072;B
20240325;100153;293.73;1000;9938179095;B
20240325;100153;293.67;400;9938179099;S
20240325;100153;293.66;200;9938179100;S
20240325;100153;293.73;100;9938179130;B
20240325;100153;293.67;210;9938179149;S
20240325;100153;293.67;190;9938179150;S
20240325;100153;293.67;400;9938179151;S
20240325;100153;293.66;860;9938179152;S
20240325;100153;293.67;160;9938179155;S
20240325;100153;293.67;100;9938179156;S
20240325;100153;293.67;300;9938179157;S
20240325;100153;293.66;250;9938179158;S
20240325;100153;293.67;280;9938179160;S
20240325;100153;293.67;400;9938179163;S
20240325;100153;293.66;430;9938179164;S
20240325;100153;293.66;640;9938179165;S
20240325;100153;293.66;290;9938179167;S
20240325;100153;293.66;130;9938179172;S
20240325;100153;293.66;150;9938179173;S
20240325;100153;293.66;410;9938179174;S
20240325;100153;293.66;220;9938179175;S
20240325;100153;293.66;470;9938179179;S
20240325;100153;293.66;110;9938179180;S
20240325;100153;293.67;70;9938179242;S
20240325;100153;293.69;80;9938179311;S
20240325;100153;293.69;240;9938179321;S
20240325;100154;293.69;220;9938179391;S
20240325;100154;293.69;370;9938179392;S
20240325;100154;293.68;10;9938179393;S
20240325;100154;293.68;400;9938179394;S
20240325;100154;293.66;180;9938179395;S
20240325;100154;293.67;400;9938179396;S
20240325;100154;293.66;760;9938179397;S
20240325;100154;293.67;400;9938179398;S
20240325;100154;293.66;700;9938179399;S
20240325;100154;293.67;400;9938179400;S
20240325;100154;293.66;60;9938179401;S
20240325;100154;293.67;270;9938179402;S
20240325;100154;293.67;130;9938179404;S
20240325;100154;293.66;160;9938179405;S
20240325;100154;293.66;1280;9938179406;S
20240325;100154;293.66;350;9938179407;S
20240325;100154;293.66;810;9938179408;S
20240325;100154;293.71;50;9938179418;B
20240325;100154;293.73;400;9938179419;B
20240325;100154;293.74;420;9938179420;B
20240325;100154;293.75;420;9938179421;B
20240325;100154;293.76;20;9938179422;B
20240325;100154;293.76;400;9938179497;B
20240325;100154;293.76;120;9938179498;B
20240325;100154;293.75;400;9938179523;B
20240325;100154;293.76;300;9938179524;B
20240325;100154;293.76;300;9938179525;B
20240325;100154;293.76;420;9938179616;B
20240325;100154;293.76;400;9938179617;B
20240325;100154;293.77;120;9938179618;B
20240325;100154;293.77;420;9938179619;B
20240325;100154;293.78;140;9938179620;B
20240325;100154;293.78;70;9938179642;B
20240325;100155;293.78;10;9938179681;B
20240325;100155;293.78;200;9938179733;B
20240325;100155;293.78;400;9938179734;B
20240325;100155;293.78;30;9938179735;B
20240325;100155;293.79;420;9938179736;B
20240325;100155;293.79;30;9938179737;B
20240325;100155;293.8;70;9938179738;B
20240325;100155;293.79;20;9938179763;B
20240325;100156;293.76;200;9938179904;B
20240325;100156;293.76;20;9938179939;B
20240325;100156;293.74;200;9938179940;S
20240325;100156;293.76;10;9938179973;B
20240325;100156;293.76;170;9938179974;B
20240325;100156;293.77;30;9938179975;B
20240325;100156;293.77;910;9938179976;B
20240325;100156;293.78;420;9938179977;B
20240325;100156;293.79;420;9938179978;B
20240325;100156;293.79;50;9938180012;S
20240325;100156;293.74;50;9938180013;S
20240325;100156;293.74;580;9938180014;S
20240325;100156;293.7;20;9938180015;S
20240325;100156;293.71;350;9938180016;S
20240325;100156;293.71;30;9938180017;S
20240325;100156;293.71;310;9938180018;S
20240325;100156;293.68;420;9938180019;S
20240325;100156;293.67;60;9938180020;S
20240325;100156;293.7;760;9938180022;S
20240325;100156;293.7;820;9938180023;S
20240325;100156;293.69;380;9938180024;S
20240325;100156;293.69;490;9938180025;S
20240325;100156;293.68;420;9938180026;S
20240325;100156;293.67;60;9938180027;S
20240325;100156;293.68;400;9938180028;S
20240325;100156;293.68;20;9938180030;S
20240325;100156;293.67;300;9938180031;S
20240325;100156;293.67;340;9938180032;S
20240325;100156;293.67;480;9938180033;S
20240325;100156;293.79;80;9938180072;B
20240325;100156;293.79;340;9938180109;B
20240325;100156;293.79;400;9938180110;B
20240325;100156;293.8;310;9938180111;B
20240325;100156;293.8;1970;9938180112;B
20240325;100157;293.79;20;9938180405;B
20240325;100158;293.79;10;9938180489;B
20240325;100159;293.78;10;9938180734;B
20240325;100159;293.78;140;9938180735;B
20240325;100159;293.75;10;9938180759;S
20240325;100159;293.74;350;9938180760;S
20240325;100159;293.74;120;9938180761;S
20240325;100159;293.74;350;9938180764;S
20240325;100159;293.73;70;9938180765;S
20240325;100159;293.73;1930;9938180766;S
20240325;100159;293.69;10;9938180767;S
20240325;100159;293.69;200;9938180768;S
20240325;100159;293.68;30;9938180769;S
20240325;100159;293.68;420;9938180770;S
20240325;100159;293.68;350;9938180771;S
20240325;100159;293.67;260;9938180772;S
20240325;100159;293.67;540;9938180773;S
20240325;100159;293.67;230;9938180774;S
20240325;100159;293.67;120;9938180775;S
20240325;100159;293.67;30;9938180776;S
20240325;100159;293.66;30;9938180777;S
20240325;100159;293.66;170;9938180778;S
20240325;100159;293.66;250;9938180779;S
20240325;100159;293.66;200;9938180780;S
20240325;100159;293.66;50;9938180781;S
20240325;100159;293.66;320;9938180782;S
20240325;100159;293.66;30;9938180784;S
20240325;100159;293.65;160;9938180785;S
20240325;100159;293.65;10;9938180786;S
20240325;100159;293.65;590;9938180787;S
20240325;100159;293.76;20;9938180826;B
20240325;100159;293.78;10;9938180829;B
20240325;100200;293.72;400;9938180984;B
20240325;100200;293.73;200;9938180985;B
20240325;100200;293.75;400;9938180986;B
20240325;100200;293.74;10;9938181022;B
20240325;100201;293.74;390;9938181174;B
20240325;100201;293.74;110;9938181175;B
20240325;100201;293.73;50;9938181182;S
20240325;100201;293.7;20;9938181209;S
20240325;100201;293.68;10;9938181210;S
20240325;100201;293.65;70;9938181211;S
20240325;100201;293.66;250;9938181213;S
20240325;100201;293.66;150;9938181214;S
20240325;100201;293.65;1170;9938181215;S
20240325;100201;293.66;400;9938181216;S
20240325;100201;293.65;790;9938181217;S
20240325;100201;293.65;560;9938181218;S
20240325;100201;293.65;280;9938181219;S
20240325;100201;293.65;1960;9938181220;S
20240325;100201;293.65;130;9938181221;S
20240325;100201;293.65;640;9938181223;S
20240325;100201;293.7;50;9938181243;B
20240325;100201;293.65;100;9938181317;S
20240325;100201;293.7;350;9938181399;B
20240325;100201;293.71;350;9938181400;B
20240325;100201;293.71;420;9938181401;B
20240325;100201;293.71;910;9938181402;B
20240325;100201;293.72;420;9938181403;B
20240325;100201;293.73;50;9938181404;B
20240325;100201;293.73;420;9938181405;B
20240325;100201;293.74;310;9938181406;B
20240325;100201;293.74;1030;9938181407;B
20240325;100201;293.75;600;9938181408;B
20240325;100201;293.75;420;9938181409;B
20240325;100201;293.75;2000;9938181410;B
20240325;100201;293.76;420;9938181411;B
20240325;100201;293.77;420;9938181412;B
20240325;100201;293.78;410;9938181413;B
20240325;100201;293.78;1470;9938181414;B
20240325;100202;293.74;10;9938181522;B
20240325;100202;293.67;10;9938181574;S
20240325;100202;293.67;10;9938181767;S
20240325;100202;293.67;30;9938181780;S
20240325;100202;293.67;420;9938181781;S
20240325;100202;293.66;150;9938181782;S
20240325;100203;293.74;300;9938181893;B
20240325;100203;293.66;20;9938181930;S
20240325;100203;293.67;870;9938182025;S
20240325;100203;293.66;30;9938182027;S
20240325;100203;293.65;560;9938182028;S
20240325;100203;293.65;850;9938182029;S
20240325;100203;293.65;300;9938182030;S
20240325;100203;293.65;160;9938182031;S
20240325;100203;293.65;150;9938182032;S
20240325;100203;293.65;220;9938182033;S
20240325;100203;293.65;180;9938182034;S
20240325;100203;293.65;330;9938182036;S
20240325;100203;293.65;730;9938182040;S
20240325;100203;293.65;190;9938182041;S
20240325;100203;293.65;390;9938182042;S
20240325;100203;293.65;1100;9938182075;S
20240325;100203;293.65;650;9938182076;S
20240325;100205;293.65;390;9938182386;S
20240325;100205;293.72;400;9938182440;B
20240325;100205;293.65;3500;9938182454;S
20240325;100205;293.65;200;9938182455;S
20240325;100205;293.65;560;9938182457;S
20240325;100205;293.65;400;9938182458;S
20240325;100205;293.65;470;9938182459;S
20240325;100205;293.65;470;9938182460;S
20240325;100205;293.65;750;9938182461;S
20240325;100205;293.69;300;9938182462;B
20240325;100205;293.69;70;9938182491;B
20240325;100206;293.69;10;9938182567;B
20240325;100206;293.65;100;9938182614;S
20240325;100206;293.69;90;9938182715;B
20240325;100206;293.65;200;9938182723;S
20240325;100206;293.65;1040;9938182775;S
20240325;100206;293.65;20;9938182776;S
20240325;100206;293.65;430;9938182777;S
20240325;100206;293.65;580;9938182778;S
20240325;100206;293.65;570;9938182779;S
20240325;100206;293.65;830;9938182780;S
20240325;100206;293.65;1390;9938182781;S
20240325;100206;293.65;120;9938182782;S
20240325;100206;293.65;30;9938182783;S
20240325;100206;293.64;10;9938182784;S
20240325;100206;293.64;10;9938182785;S
20240325;100206;293.64;380;9938182786;S
20240325;100206;293.64;230;9938182789;S
20240325;100206;293.64;260;9938182790;S
20240325;100206;293.64;790;9938182791;S
20240325;100207;293.68;30;9938182889;B
20240325;100207;293.68;320;9938182929;B
20240325;100207;293.68;400;9938182930;B
20240325;100207;293.69;280;9938182931;B
20240325;100207;293.65;910;9938183004;S
20240325;100207;293.64;2910;9938183005;S
20240325;100207;293.63;200;9938183006;S
20240325;100207;293.62;400;9938183007;S
20240325;100207;293.6;500;9938183008;S
20240325;100207;293.6;200;9938183009;S
20240325;100207;293.6;30;9938183010;S
20240325;100207;293.6;10;9938183011;S
20240325;100207;293.6;340;9938183012;S
20240325;100208;293.66;100;9938183215;B
20240325;100208;293.6;100;9938183217;S
20240325;100208;293.6;300;9938183218;S
20240325;100209;293.64;400;9938183392;B
20240325;100209;293.65;50;9938183393;B
20240325;100209;293.66;470;9938183397;S
20240325;100209;293.66;1080;9938183399;S
20240325;100209;293.6;10;9938183400;S
20240325;100209;293.58;170;9938183401;S
20240325;100209;293.56;420;9938183411;S
20240325;100209;293.56;910;9938183412;S
20240325;100209;293.56;190;9938183413;S
20240325;100209;293.56;210;9938183414;S
20240325;100209;293.55;1000;9938183415;S
20240325;100209;293.55;420;9938183416;S
20240325;100209;293.54;20;9938183417;S
20240325;100209;293.54;60;9938183418;S
20240325;100209;293.54;420;9938183419;S
20240325;100209;293.53;230;9938183420;S
20240325;100209;293.54;340;9938183421;S
20240325;100209;293.54;60;9938183422;S
20240325;100209;293.54;170;9938183423;S
20240325;100209;293.54;250;9938183424;S
20240325;100209;293.53;260;9938183425;S
20240325;100209;293.61;130;9938183446;B
20240325;100209;293.64;350;9938183451;B
20240325;100210;293.63;220;9938183714;B
20240325;100210;293.64;420;9938183715;B
20240325;100210;293.65;420;9938183716;B
20240325;100210;293.65;910;9938183717;B
20240325;100210;293.65;400;9938183718;B
20240325;100210;293.66;50;9938183719;B
20240325;100210;293.66;420;9938183720;B
20240325;100210;293.67;420;9938183721;B
20240325;100210;293.68;420;9938183722;B
20240325;100210;293.69;420;9938183723;B
20240325;100210;293.69;50;9938183724;B
20240325;100210;293.69;2000;9938183725;B
20240325;100210;293.7;420;9938183726;B
20240325;100210;293.71;230;9938183727;B
20240325;100210;293.61;50;9938183823;B
20240325;100210;293.69;450;9938183824;B
20240325;100210;293.68;10;9938183833;B
20240325;100211;293.59;420;9938183892;S
20240325;100211;293.59;400;9938183893;S
20240325;100211;293.59;500;9938183894;S
20240325;100211;293.61;200;9938183917;S
20240325;100211;293.6;420;9938183928;S
20240325;100211;293.6;160;9938183929;S
20240325;100211;293.6;90;9938183930;S
20240325;100211;293.58;370;9938183931;S
20240325;100211;293.58;50;9938183932;S
20240325;100211;293.58;2000;9938183933;S
20240325;100211;293.58;400;9938183934;S
20240325;100211;293.57;420;9938183935;S
20240325;100211;293.57;2000;9938183936;S
20240325;100211;293.57;800;9938183937;S
20240325;100211;293.56;420;9938183938;S
20240325;100211;293.55;420;9938183939;S
20240325;100211;293.55;490;9938183940;S
20240325;100211;293.54;420;9938183941;S
20240325;100211;293.54;100;9938183942;S
20240325;100211;293.55;400;9938183943;S
20240325;100211;293.55;160;9938183944;S
20240325;100211;293.55;260;9938183969;S
20240325;100211;293.55;470;9938183970;S
20240325;100211;293.7;150;9938183975;B
20240325;100212;293.7;80;9938184186;B
20240325;100212;293.66;50;9938184288;S
20240325;100212;293.7;30;9938184291;B
20240325;100212;293.7;30;9938184301;B
20240325;100213;293.66;30;9938184536;S
20240325;100214;293.69;910;9938184640;B
20240325;100214;293.69;400;9938184641;B
20240325;100214;293.69;90;9938184642;B
20240325;100214;293.66;10;9938184654;S
20240325;100214;293.69;10;9938184773;B
20240325;100214;293.66;10;9938184788;S
20240325;100214;293.66;10;9938184789;S
20240325;100214;293.64;980;9938184790;S
20240325;100215;293.69;10;9938184879;B
20240325;100215;293.64;20;9938184910;S
20240325;100215;293.58;280;9938184911;S
20240325;100215;293.6;10;9938184943;S
20240325;100215;293.63;400;9938184944;B
20240325;100215;293.64;100;9938184945;B
20240325;100215;293.62;10;9938185020;B
20240325;100216;293.62;30;9938185179;B
20240325;100217;293.6;20;9938185485;S
20240325;100218;293.6;10;9938185662;S
20240325;100218;293.63;100;9938185786;B
20240325;100219;293.67;50;9938185877;B
20240325;100219;293.6;10;9938186027;S
20240325;100220;293.63;10;9938186109;B
20240325;100220;293.6;50;9938186305;S
20240325;100220;293.6;110;9938186306;S
20240325;100222;293.64;10;9938186637;B
20240325;100222;293.64;10;9938186715;B
20240325;100222;293.64;10;9938186722;B
20240325;100222;293.64;1000;9938186745;B
20240325;100222;293.64;420;9938186746;B
20240325;100222;293.64;20;9938186747;B
20240325;100222;293.65;420;9938186748;B
20240325;100222;293.65;10;9938186749;B
20240325;100222;293.66;130;9938186750;B
20240325;100223;293.67;40;9938186807;B
20240325;100223;293.64;350;9938186917;B
20240325;100223;293.64;10;9938186918;B
20240325;100224;293.62;50;9938186966;S
20240325;100224;293.6;50;9938186967;S
20240325;100225;293.67;330;9938187246;B
20240325;100225;293.68;420;9938187247;B
20240325;100225;293.68;720;9938187248;B
20240325;100225;293.68;400;9938187249;B
20240325;100225;293.69;130;9938187250;B
20240325;100225;293.69;10;9938187287;B
20240325;100225;293.69;170;9938187288;B
20240325;100225;293.69;400;9938187289;B
20240325;100225;293.7;130;9938187290;B
20240325;100225;293.7;20;9938187291;B
20240325;100225;293.7;150;9938187292;B
20240325;100225;293.7;80;9938187293;B
20240325;100225;293.71;190;9938187294;B
20240325;100225;293.71;10;9938187295;B
20240325;100225;293.71;850;9938187296;B
20240325;100225;293.71;10;9938187306;B
20240325;100225;293.64;10;9938187439;S
20240325;100225;293.63;350;9938187440;S
20240325;100225;293.63;1030;9938187441;S
