<DATE>;<TIME>;<LAST>;<VOL>;<ID>;<OPER>
20240118;095949;278.24;10;9428036764;S
20240118;095949;278.24;10;9428036765;B
20240118;095949;278.24;10;9428036766;S
20240118;095949;278.24;10;9428036767;S
20240118;095949;278.24;10;9428036768;S
20240118;095949;278.24;20;9428036769;S
20240118;095949;278.24;10;9428036770;S
20240118;095949;278.24;20;9428036771;S
20240118;095949;278.24;10;9428036772;S
20240118;095949;278.24;10;9428036773;S
20240118;095949;278.24;10;9428036774;S
20240118;095949;278.24;20;9428036775;S
20240118;095949;278.24;10;9428036776;S
20240118;095949;278.24;20;9428036777;S
20240118;095949;278.24;30;9428036778;S
20240118;095949;278.24;700;9428036779;S
20240118;095949;278.24;110;9428036780;S
20240118;095949;278.24;20;9428036781;S
20240118;095949;278.24;20;9428036782;S
20240118;095949;278.24;30;9428036783;S
20240118;095949;278.24;10;9428036784;S
20240118;095949;278.24;20;9428036785;S
20240118;095949;278.24;330;9428036786;S
20240118;095949;278.24;10;9428036787;S
20240118;095949;278.24;40;9428036788;S
20240118;095949;278.24;20;9428036789;S
20240118;095949;278.24;10;9428036790;S
20240118;095949;278.24;20;9428036791;S
20240118;095949;278.24;250;9428036792;S
20240118;095949;278.24;10;9428036793;S
20240118;095949;278.24;80;9428036794;B
20240118;095949;278.24;10;9428036795;S
20240118;095949;278.24;100;9428036796;S
20240118;095949;278.24;210;9428036797;S
20240118;095949;278.24;30;9428036798;S
20240118;095949;278.24;50;9428036799;S
20240118;095949;278.24;10;9428036800;S
20240118;095949;278.24;80;9428036801;S
20240118;095949;278.24;40;9428036802;S
20240118;095949;278.24;90;9428036803;S
20240118;095949;278.24;250;9428036804;S
20240118;095949;278.24;10;9428036805;S
20240118;095949;278.24;400;9428036806;S
20240118;095949;278.24;250;9428036807;S
20240118;095949;278.24;30;9428036808;S
20240118;095949;278.24;10;9428036809;S
20240118;095949;278.24;10;9428036810;S
20240118;095949;278.24;10;9428036811;S
20240118;095949;278.24;200;9428036812;S
20240118;095949;278.24;110;9428036813;S
20240118;095949;278.24;60;9428036814;S
20240118;095949;278.24;10;9428036815;B
20240118;095949;278.24;940;9428036816;B
20240118;095949;278.24;60;9428036817;B
20240118;095949;278.24;10;9428036818;B
20240118;095949;278.24;10;9428036819;B
20240118;095949;278.24;10;9428036820;B
20240118;095949;278.24;10;9428036821;B
20240118;095949;278.24;10;9428036822;B
20240118;095949;278.24;10;9428036823;B
20240118;095949;278.24;10;9428036824;B
20240118;095949;278.24;20;9428036825;B
20240118;095949;278.24;40;9428036826;B
20240118;095949;278.24;250;9428036827;B
20240118;095949;278.24;20;9428036828;B
20240118;095949;278.24;10;9428036829;B
20240118;095949;278.24;10;9428036830;B
20240118;095949;278.24;10;9428036831;B
20240118;095949;278.24;20;9428036832;B
20240118;095949;278.24;10;9428036833;B
20240118;095949;278.24;20;9428036834;B
20240118;095949;278.24;20;9428036835;B
20240118;095949;278.24;10;9428036836;B
20240118;095949;278.24;20;9428036837;B
20240118;095949;278.24;40;9428036838;B
20240118;095949;278.24;30;9428036839;B
20240118;095949;278.24;20;9428036840;B
20240118;095949;278.24;10;9428036841;B
20240118;095949;278.24;350;9428036842;B
20240118;095949;278.24;10;9428036843;B
20240118;095949;278.24;20;9428036844;B
20240118;095949;278.24;30;9428036845;B
20240118;095949;278.24;100;9428036846;B
20240118;095949;278.24;30;9428036847;B
20240118;095949;278.24;10;9428036848;B
20240118;095949;278.24;30;9428036849;B
20240118;095949;278.24;10;9428036850;B
20240118;095949;278.24;10;9428036851;B
20240118;095949;278.24;180;9428036852;B
20240118;095949;278.24;10;9428036853;B
20240118;095949;278.24;80;9428036854;B
20240118;095949;278.24;10;9428036855;B
20240118;095949;278.24;60;9428036856;B
20240118;095949;278.24;10;9428036857;B
20240118;095949;278.24;250;9428036858;B
20240118;095949;278.24;80;9428036859;B
20240118;095949;278.24;40;9428036860;B
20240118;095949;278.24;10;9428036861;B
20240118;095949;278.24;570;9428036862;B
20240118;095949;278.24;100;9428036863;B
20240118;095949;278.24;90;9428036864;B
20240118;095949;278.24;10;9428036865;B
20240118;095949;278.24;10;9428036866;B
20240118;095949;278.24;20;9428036867;B
20240118;095949;278.24;10;9428036868;B
20240118;095949;278.24;10;9428036869;B
20240118;095949;278.24;10;9428036870;B
20240118;095949;278.24;90;9428036871;S
20240118;095949;278.24;10;9428036872;B
20240118;095949;278.24;10;9428036873;B
20240118;095949;278.24;10;9428036874;B
20240118;095949;278.24;10;9428036875;B
20240118;095949;278.24;1000;9428036876;B
20240118;095949;278.24;10;9428036877;B
20240118;095949;278.24;180;9428036878;B
20240118;095949;278.24;30;9428036879;B
20240118;095949;278.24;20;9428036880;B
20240118;095949;278.24;20;9428036881;B
20240118;095949;278.24;20;9428036882;B
20240118;095949;278.24;10;9428036883;B
20240118;095949;278.24;400;9428036884;B
20240118;095949;278.24;20;9428036885;B
20240118;095949;278.24;30;9428036886;B
20240118;095949;278.24;360;9428036887;B
20240118;095949;278.24;40;9428036888;B
20240118;095949;278.24;30;9428036889;B
20240118;095949;278.24;90;9428036890;B
20240118;095949;278.24;20;9428036891;B
20240118;095949;278.24;900;9428036892;B
20240118;095949;278.24;20;9428036893;B
20240118;095949;278.24;10;9428036894;B
20240118;095949;278.24;10;9428036895;B
20240118;095949;278.24;10;9428036896;B
20240118;095949;278.24;50;9428036897;B
20240118;095949;278.24;40;9428036898;B
20240118;095949;278.24;80;9428036899;B
20240118;095949;278.24;10;9428036900;B
20240118;095949;278.24;100;9428036901;B
20240118;095949;278.24;260;9428036902;B
20240118;095949;278.24;10;9428036903;B
20240118;095949;278.24;70;9428036904;B
20240118;095949;278.24;10;9428036905;B
20240118;095949;278.24;2010;9428036906;B
20240118;095949;278.24;140;9428036907;B
20240118;095949;278.24;1360;9428036908;B
20240118;095949;278.24;3640;9428036909;S
20240118;095949;278.24;20;9428036910;S
20240118;095949;278.24;7500;9428036911;S
20240118;095949;278.24;1000;9428036912;S
20240118;095949;278.24;40;9428036913;S
20240118;095949;278.24;500;9428036914;S
20240118;095949;278.24;10;9428036915;S
20240118;095949;278.24;10;9428036916;S
20240118;095949;278.24;360;9428036917;S
20240118;095949;278.24;10;9428036918;S
20240118;095949;278.24;10;9428036919;S
20240118;095949;278.24;500;9428036920;S
20240118;095949;278.24;400;9428036921;S
20240118;095949;278.24;180;9428036922;S
20240118;095949;278.24;30;9428036923;S
20240118;095949;278.24;50;9428036924;S
20240118;095949;278.24;30;9428036925;S
20240118;095949;278.24;10;9428036926;S
20240118;095949;278.24;200;9428036927;S
20240118;095949;278.24;100;9428036928;S
20240118;095949;278.24;100;9428036929;S
20240118;100000;278.22;10;9428039123;S
20240118;100000;278.21;200;9428039408;S
20240118;100000;278.2;150;9428039418;S
20240118;100000;278.2;10;9428039419;S
20240118;100000;278.2;30;9428039420;S
20240118;100000;278.2;10;9428039421;S
20240118;100000;278.2;30;9428039422;S
20240118;100000;278.16;200;9428039435;S
20240118;100000;278.15;20;9428039464;S
20240118;100000;278.15;10;9428039465;S
20240118;100000;278.12;100;9428039507;S
20240118;100000;278.11;100;9428039583;B
20240118;100000;278.1;890;9428039674;S
20240118;100000;278.1;10;9428039675;S
20240118;100000;278.09;10;9428039700;S
20240118;100000;278.07;40;9428039717;S
20240118;100000;278.04;20;9428039723;S
20240118;100000;278.03;400;9428039731;S
20240118;100000;278.03;660;9428039732;S
20240118;100000;278.04;150;9428039737;B
20240118;100000;278.04;90;9428039738;B
20240118;100000;278.07;10;9428039823;B
20240118;100000;278.05;400;9428039828;S
20240118;100000;278.05;600;9428039829;S
20240118;100000;278.04;100;9428039840;S
20240118;100000;278.03;20;9428039859;S
20240118;100001;278.03;90;9428039874;S
20240118;100001;278.07;50;9428040060;B
20240118;100001;278.07;40;9428040085;B
20240118;100001;278.06;50;9428040156;S
20240118;100001;278.07;110;9428040247;B
20240118;100001;278.06;50;9428040291;S
20240118;100001;278.06;10;9428040347;S
20240118;100001;278.06;300;9428040418;S
20240118;100001;278.07;500;9428040503;B
20240118;100001;278.07;90;9428040554;B
20240118;100001;278.1;10;9428040555;B
20240118;100001;278.09;1430;9428040561;S
20240118;100001;278.08;80;9428040562;S
20240118;100001;278.07;400;9428040563;S
20240118;100001;278.05;360;9428040564;S
20240118;100001;278.04;2000;9428040565;S
20240118;100001;278.04;2000;9428040566;S
20240118;100001;278.02;500;9428040567;S
20240118;100001;278.02;200;9428040568;S
20240118;100001;278.01;100;9428040569;S
20240118;100001;278.01;20;9428040570;S
20240118;100001;278.01;100;9428040571;S
20240118;100001;278.01;100;9428040572;S
20240118;100001;278.01;10;9428040573;S
20240118;100001;278.01;690;9428040574;S
20240118;100001;278;30;9428040575;S
20240118;100001;278;10;9428040576;S
20240118;100001;278;10;9428040577;S
20240118;100001;278;10;9428040578;S
20240118;100001;278;100;9428040579;S
20240118;100001;278;50;9428040580;S
20240118;100001;278;250;9428040581;S
20240118;100001;278;100;9428040582;S
20240118;100001;278;10;9428040583;S
20240118;100001;278;190;9428040584;S
20240118;100001;278;20;9428040585;S
20240118;100001;278;700;9428040586;S
20240118;100001;278;140;9428040587;S
20240118;100001;278;10;9428040588;S
20240118;100001;278;1790;9428040589;S
20240118;100001;278;10;9428040590;S
20240118;100001;278;10;9428040591;S
20240118;100001;278;100;9428040592;S
20240118;100001;278;10;9428040593;S
20240118;100001;278;10;9428040594;S
20240118;100001;278;20;9428040595;S
20240118;100001;278;40;9428040596;S
20240118;100001;278;190;9428040597;S
20240118;100001;278;20;9428040598;S
20240118;100001;278;30;9428040599;S
20240118;100001;278;70;9428040600;S
20240118;100001;278;30;9428040601;S
20240118;100001;278;100;9428040602;S
20240118;100001;278;20;9428040603;S
20240118;100001;278;50;9428040604;S
20240118;100001;278;80;9428040605;S
20240118;100001;278;10;9428040606;S
20240118;100001;278;30;9428040607;S
20240118;100001;278;10;9428040608;S
20240118;100001;278;20;9428040609;S
20240118;100001;278;10;9428040610;S
20240118;100001;278;20;9428040611;S
20240118;100001;278;10;9428040612;S
20240118;100001;278;60;9428040613;S
20240118;100001;278;460;9428040614;S
20240118;100001;278;10;9428040615;S
20240118;100001;278;40;9428040616;S
20240118;100001;278;360;9428040617;S
20240118;100001;278;20;9428040618;S
20240118;100001;278;20;9428040619;S
20240118;100001;278;10;9428040620;S
20240118;100001;278;190;9428040621;S
20240118;100001;278;10;9428040622;S
20240118;100001;278;10;9428040623;S
20240118;100001;278;90;9428040624;S
20240118;100001;278;10;9428040625;S
20240118;100001;278;30;9428040626;S
20240118;100001;278;10;9428040627;S
20240118;100001;278;550;9428040628;S
20240118;100001;278;30;9428040629;S
20240118;100001;278;10;9428040630;S
20240118;100001;278;300;9428040631;S
20240118;100001;278;20;9428040632;S
20240118;100001;278;10;9428040633;S
20240118;100001;278;90;9428040634;S
20240118;100001;278;10;9428040635;S
20240118;100001;278;70;9428040636;S
20240118;100001;278;210;9428040637;S
20240118;100001;278;50;9428040638;S
20240118;100001;278;10;9428040639;S
20240118;100001;278;250;9428040640;S
20240118;100001;278;10;9428040641;S
20240118;100001;278;600;9428040642;S
20240118;100001;278;20;9428040643;S
20240118;100001;278;70;9428040644;S
20240118;100001;278;10;9428040645;S
20240118;100001;278;940;9428040646;S
20240118;100001;278;60;9428040647;S
20240118;100001;278;30;9428040648;S
20240118;100001;278;20;9428040649;S
20240118;100001;278;150;9428040650;S
20240118;100001;278;10;9428040651;S
20240118;100001;278;30;9428040652;S
20240118;100001;278;10;9428040653;S
20240118;100001;278;50;9428040654;S
20240118;100001;278;10;9428040655;S
20240118;100001;278;510;9428040656;S
20240118;100001;278;30;9428040657;S
20240118;100001;278;10;9428040658;S
20240118;100001;278;4000;9428040659;S
20240118;100001;278;200;9428040660;S
20240118;100001;278;100;9428040661;S
20240118;100001;278;240;9428040662;S
20240118;100001;278;17140;9428040663;S
20240118;100002;278.07;10;9428040820;B
20240118;100002;278.08;250;9428041250;B
20240118;100002;278.1;10;9428041300;B
20240118;100002;278.09;400;9428041438;B
20240118;100004;278.12;400;9428041993;S
20240118;100004;278.11;100;9428041994;S
20240118;100004;278.16;30;9428042299;B
20240118;100004;278.16;10;9428042301;B
20240118;100004;278.17;10;9428042555;B
20240118;100004;278.17;10;9428042556;B
20240118;100004;278.17;10;9428042557;B
20240118;100004;278.17;370;9428042558;B
20240118;100004;278.18;400;9428042559;B
20240118;100004;278.18;220;9428042560;B
20240118;100004;278.24;10;9428042561;B
20240118;100004;278.25;150;9428042585;B
20240118;100005;278.17;10;9428042822;B
20240118;100005;278.17;10;9428042826;B
20240118;100005;278.17;10;9428042828;B
20240118;100005;278.17;10;9428042829;B
20240118;100005;278.16;10;9428042830;S
20240118;100005;278.17;260;9428043008;B
20240118;100005;278.17;140;9428043181;S
20240118;100005;278.25;10;9428043317;B
20240118;100005;278.25;30;9428043356;B
20240118;100005;278.21;10;9428043494;B
20240118;100005;278.21;30;9428043496;B
20240118;100005;278.23;40;9428043497;B
20240118;100005;278.17;20;9428043499;S
20240118;100005;278.17;70;9428043557;S
20240118;100005;278.25;10;9428043576;B
20240118;100005;278.25;100;9428043577;B
20240118;100005;278.25;500;9428043578;B
20240118;100005;278.25;10;9428043873;B
20240118;100005;278.25;10;9428043887;B
20240118;100005;278.25;10;9428043891;B
20240118;100005;278.25;40;9428043892;B
20240118;100005;278.17;10;9428043894;S
20240118;100005;278.25;10;9428044058;B
20240118;100005;278.17;20;9428044113;S
20240118;100005;278.25;10;9428044115;B
20240118;100005;278.25;10;9428044227;B
20240118;100005;278.22;10;9428044228;S
20240118;100005;278.25;20;9428044230;B
20240118;100005;278.22;30;9428044350;S
20240118;100005;278.25;10;9428044351;B
20240118;100006;278.22;10;9428044546;S
20240118;100006;278.25;10;9428044578;B
20240118;100006;278.25;10;9428044579;B
20240118;100006;278.25;10;9428044580;B
20240118;100006;278.25;10;9428044582;B
20240118;100006;278.21;300;9428044647;B
20240118;100006;278.2;20;9428044782;S
20240118;100006;278.2;10;9428044792;S
20240118;100006;278.21;10;9428044960;B
20240118;100006;278.21;10;9428044961;B
20240118;100006;278.21;10;9428044962;B
20240118;100006;278.2;200;9428045228;S
20240118;100006;278.2;70;9428045230;S
20240118;100006;278.2;80;9428045233;S
20240118;100006;278.2;20;9428045234;S
20240118;100006;278.19;60;9428045235;S
20240118;100006;278.21;10;9428045237;B
20240118;100006;278.21;10;9428045294;B
20240118;100006;278.21;150;9428045295;B
20240118;100006;278.23;160;9428045296;B
20240118;100006;278.24;600;9428045297;B
20240118;100006;278.19;10;9428045298;S
20240118;100006;278.25;10;9428045299;B
20240118;100006;278.25;10;9428045300;B
20240118;100007;278.22;10;9428045502;S
20240118;100007;278.22;10;9428045503;S
20240118;100007;278.26;100;9428045504;B
20240118;100007;278.26;690;9428045505;B
20240118;100007;278.27;410;9428045506;B
20240118;100007;278.26;10;9428045507;B
20240118;100007;278.26;10;9428045508;B
20240118;100007;278.21;500;9428045700;S
20240118;100007;278.21;50;9428045763;B
20240118;100007;278.21;300;9428045765;B
20240118;100007;278.21;50;9428045776;B
20240118;100007;278.21;100;9428045777;B
20240118;100007;278.22;500;9428045778;B
20240118;100007;278.22;800;9428045779;B
20240118;100007;278.24;1420;9428045780;B
20240118;100007;278.24;690;9428045781;B
20240118;100007;278.25;690;9428045782;B
20240118;100007;278.26;690;9428045783;B
20240118;100007;278.27;720;9428045784;B
20240118;100007;278.27;690;9428045785;B
20240118;100007;278.28;690;9428045786;B
20240118;100007;278.29;10;9428045787;B
20240118;100007;278.29;100;9428045788;B
20240118;100007;278.29;690;9428045789;B
20240118;100007;278.3;10;9428045790;B
20240118;100007;278.3;50;9428045791;B
20240118;100007;278.3;30;9428045792;B
20240118;100007;278.3;180;9428045793;B
20240118;100007;278.3;330;9428045794;B
20240118;100007;278.3;690;9428045795;B
20240118;100007;278.31;690;9428045796;B
20240118;100007;278.31;180;9428045797;B
20240118;100008;278.29;110;9428045941;B
20240118;100008;278.29;30;9428045942;B
20240118;100008;278.28;40;9428045944;S
20240118;100008;278.28;10;9428045947;S
20240118;100008;278.31;400;9428046066;B
20240118;100008;278.31;690;9428046067;B
20240118;100008;278.32;300;9428046068;B
20240118;100008;278.32;690;9428046069;B
20240118;100008;278.33;690;9428046070;B
20240118;100008;278.34;690;9428046071;B
20240118;100008;278.34;1000;9428046072;B
20240118;100008;278.35;10000;9428046073;B
20240118;100008;278.35;50;9428046074;B
20240118;100008;278.35;3000;9428046075;B
20240118;100008;278.35;2000;9428046076;B
20240118;100008;278.35;490;9428046077;B
20240118;100008;278.25;50;9428046095;S
20240118;100008;278.25;10;9428046148;S
20240118;100008;278.3;430;9428046155;B
20240118;100008;278.3;400;9428046156;B
20240118;100008;278.31;690;9428046157;B
20240118;100008;278.32;220;9428046158;B
20240118;100008;278.32;690;9428046159;B
20240118;100008;278.33;690;9428046160;B
20240118;100008;278.34;690;9428046161;B
20240118;100008;278.35;690;9428046162;B
20240118;100008;278.35;360;9428046163;B
20240118;100008;278.35;410;9428046164;B
20240118;100008;278.36;690;9428046165;B
20240118;100008;278.36;3000;9428046166;B
20240118;100008;278.36;1000;9428046167;B
20240118;100008;278.37;5000;9428046168;B
20240118;100008;278.37;690;9428046169;B
20240118;100008;278.38;3990;9428046170;B
20240118;100008;278.38;360;9428046171;B
20240118;100008;278.37;50;9428046172;B
20240118;100008;278.36;1000;9428046197;B
20240118;100008;278.36;300;9428046198;B
20240118;100008;278.36;1000;9428046199;B
20240118;100008;278.37;1400;9428046200;B
20240118;100008;278.33;300;9428046213;S
20240118;100008;278.33;100;9428046217;S
20240118;100008;278.33;140;9428046218;S
20240118;100008;278.33;60;9428046219;B
20240118;100008;278.33;60;9428046220;B
20240118;100008;278.33;240;9428046221;B
20240118;100008;278.35;400;9428046222;S
20240118;100008;278.35;400;9428046223;B
20240118;100008;278.34;1080;9428046264;S
20240118;100008;278.34;400;9428046265;S
20240118;100008;278.34;20;9428046266;S
20240118;100008;278.34;1500;9428046267;S
20240118;100008;278.34;250;9428046268;S
20240118;100008;278.34;360;9428046269;S
20240118;100008;278.34;360;9428046270;S
20240118;100008;278.3;360;9428046273;S
20240118;100008;278.29;100;9428046288;S
20240118;100009;278.29;840;9428046318;S
20240118;100009;278.29;140;9428046319;S
20240118;100009;278.29;150;9428046359;B
20240118;100009;278.29;10;9428046382;B
20240118;100009;278.29;100;9428046383;B
20240118;100009;278.29;10;9428046384;B
20240118;100009;278.28;10;9428046436;S
20240118;100009;278.27;300;9428046469;S
20240118;100009;278.26;200;9428046470;S
20240118;100009;278.26;70;9428046471;S
20240118;100009;278.26;1130;9428046487;B
20240118;100009;278.26;100;9428046488;B
20240118;100009;278.26;200;9428046489;B
20240118;100009;278.26;90;9428046490;B
20240118;100009;278.32;400;9428046491;B
20240118;100009;278.34;30;9428046492;B
20240118;100009;278.34;1500;9428046493;B
20240118;100009;278.35;690;9428046494;B
20240118;100009;278.36;690;9428046495;B
20240118;100009;278.36;170;9428046496;B
20240118;100010;278.28;10;9428046605;S
20240118;100010;278.3;10;9428046698;S
20240118;100010;278.3;290;9428046792;S
20240118;100010;278.27;210;9428046793;S
20240118;100010;278.33;200;9428046847;B
20240118;100010;278.29;410;9428046920;S
20240118;100010;278.34;10;9428046957;B
20240118;100010;278.27;10;9428046963;S
20240118;100010;278.34;90;9428046977;B
20240118;100010;278.34;20;9428046986;B
20240118;100010;278.34;30;9428047049;B
20240118;100010;278.29;500;9428047061;S
20240118;100010;278.29;10;9428047082;S
20240118;100010;278.29;120;9428047083;S
20240118;100010;278.29;40;9428047091;S
20240118;100010;278.34;10;9428047102;B
20240118;100011;278.34;60;9428047128;B
20240118;100011;278.34;350;9428047129;B
20240118;100011;278.34;40;9428047130;B
20240118;100011;278.32;300;9428047297;B
20240118;100011;278.33;100;9428047298;B
20240118;100011;278.3;30;9428047465;S
20240118;100011;278.28;480;9428047466;S
20240118;100011;278.26;1080;9428047467;S
20240118;100011;278.25;1410;9428047468;S
20240118;100011;278.24;500;9428047473;B
20240118;100012;278.25;360;9428047507;S
20240118;100012;278.25;140;9428047516;B
20240118;100012;278.32;100;9428047522;B
20240118;100012;278.32;300;9428047526;B
20240118;100012;278.32;300;9428047527;B
20240118;100012;278.33;1590;9428047528;B
20240118;100012;278.33;690;9428047529;B
20240118;100012;278.34;690;9428047530;B
20240118;100012;278.34;2000;9428047531;B
20240118;100012;278.35;300;9428047532;B
20240118;100012;278.35;690;9428047533;B
20240118;100012;278.36;690;9428047534;B
20240118;100012;278.37;690;9428047535;B
20240118;100012;278.37;2000;9428047536;B
20240118;100012;278.38;60;9428047537;B
20240118;100012;278.32;100;9428047540;S
20240118;100012;278.31;100;9428047601;S
20240118;100012;278.32;1080;9428047635;S
20240118;100012;278.32;400;9428047636;S
20240118;100013;278.31;500;9428047713;S
20240118;100013;278.31;500;9428047716;S
20240118;100013;278.29;10;9428047748;S
20240118;100013;278.25;490;9428047749;S
20240118;100013;278.25;520;9428047750;S
20240118;100013;278.2;10;9428047904;B
20240118;100013;278.2;30;9428047911;B
20240118;100014;278.2;460;9428048005;B
20240118;100014;278.2;400;9428048006;B
20240118;100014;278.23;310;9428048007;B
20240118;100014;278.24;360;9428048008;B
20240118;100014;278.24;1080;9428048009;B
20240118;100014;278.24;390;9428048010;B
20240118;100014;278.15;690;9428048024;S
20240118;100014;278.14;310;9428048025;S
20240118;100014;278.17;270;9428048115;B
20240118;100015;278.17;100;9428048148;B
20240118;100015;278.17;400;9428048176;B
20240118;100015;278.18;340;9428048177;B
20240118;100015;278.17;400;9428048246;B
20240118;100015;278.18;600;9428048247;B
20240118;100016;278.18;50;9428048419;B
20240118;100016;278.18;1000;9428048426;B
20240118;100016;278.1;80;9428048438;S
20240118;100016;278.1;210;9428048504;S
20240118;100016;278.17;40;9428048507;B
20240118;100016;278.1;400;9428048578;S
20240118;100016;278.1;100;9428048579;S
20240118;100016;278.15;20;9428048602;B
20240118;100018;278.13;1000;9428048833;B
20240118;100019;278.08;330;9428049114;S
20240118;100020;278.14;150;9428049351;B
20240118;100021;278.15;480;9428049562;B
20240118;100021;278.15;20;9428049563;B
20240118;100023;278.21;40;9428049859;S
20240118;100023;278.24;300;9428049874;B
20240118;100024;278.24;1500;9428050048;B
20240118;100024;278.25;400;9428050049;B
20240118;100024;278.28;2100;9428050050;B
20240118;100024;278.26;500;9428050107;S
20240118;100024;278.29;90;9428050116;B
20240118;100024;278.26;350;9428050186;S
20240118;100024;278.25;150;9428050187;S
20240118;100025;278.29;30;9428050304;B
20240118;100027;278.26;30;9428050594;B
20240118;100027;278.26;970;9428050595;B
20240118;100027;278.26;360;9428050658;S
20240118;100027;278.26;140;9428050659;S
20240118;100028;278.3;10;9428050798;B
20240118;100028;278.25;10;9428050878;S
20240118;100029;278.28;200;9428050914;B
20240118;100029;278.32;170;9428051049;B
20240118;100030;278.29;200;9428051473;S
20240118;100030;278.31;100;9428051488;B
20240118;100031;278.29;30;9428051523;S
20240118;100031;278.29;270;9428051524;S
20240118;100031;278.29;130;9428051530;S
20240118;100031;278.28;70;9428051531;S
20240118;100031;278.29;20;9428051634;S
20240118;100031;278.31;1000;9428051667;B
20240118;100031;278.3;400;9428051697;S
20240118;100031;278.29;90;9428051698;S
20240118;100031;278.28;610;9428051699;S
20240118;100032;278.33;10;9428051914;B
20240118;100033;278.32;170;9428052185;B
20240118;100034;278.33;260;9428052194;B
20240118;100034;278.33;400;9428052195;B
20240118;100034;278.34;80;9428052196;B
20240118;100034;278.35;260;9428052197;B
20240118;100034;278.32;100;9428052258;S
20240118;100034;278.38;100;9428052265;B
20240118;100034;278.34;200;9428052314;S
20240118;100034;278.38;10;9428052329;B
20240118;100035;278.36;50;9428052437;S
20240118;100035;278.35;40;9428052438;S
20240118;100035;278.34;160;9428052439;S
20240118;100035;278.34;250;9428052440;S
20240118;100036;278.35;50;9428052553;S
20240118;100036;278.34;450;9428052554;S
20240118;100036;278.37;40;9428052568;B
20240118;100036;278.35;400;9428052614;S
20240118;100036;278.32;100;9428052624;S
20240118;100036;278.36;10;9428052647;B
20240118;100036;278.34;20;9428052680;S
20240118;100036;278.36;50;9428052685;B
20240118;100036;278.36;10;9428052695;B
20240118;100036;278.35;200;9428052736;S
20240118;100036;278.35;280;9428052795;B
20240118;100036;278.32;100;9428052800;S
20240118;100036;278.31;150;9428052801;S
20240118;100037;278.33;100;9428053143;S
20240118;100038;278.32;10;9428053158;S
20240118;100038;278.3;40;9428053217;B
20240118;100039;278.31;300;9428053428;B
20240118;100039;278.31;360;9428053429;B
20240118;100039;278.31;340;9428053430;B
20240118;100039;278.3;180;9428053534;B
20240118;100041;278.28;10;9428053769;S
20240118;100041;278.3;20;9428053783;B
20240118;100041;278.3;1500;9428053784;B
20240118;100041;278.32;360;9428053785;B
20240118;100041;278.33;200;9428053786;B
20240118;100041;278.33;2000;9428053787;B
20240118;100041;278.33;400;9428053788;B
20240118;100041;278.34;10;9428053789;B
20240118;100041;278.34;510;9428053790;B
20240118;100042;278.29;1000;9428054004;B
20240118;100043;278.3;10;9428054198;B
20240118;100043;278.3;350;9428054229;B
20240118;100044;278.3;1500;9428054391;B
20240118;100044;278.3;100;9428054392;B
20240118;100044;278.32;2000;9428054393;B
20240118;100044;278.32;400;9428054394;B
20240118;100044;278.34;490;9428054395;B
20240118;100044;278.35;10;9428054396;B
20240118;100044;278.35;360;9428054397;B
20240118;100044;278.36;130;9428054398;B
20240118;100044;278.36;10;9428054399;B
20240118;100045;278.36;290;9428054452;S
20240118;100045;278.35;50;9428054479;B
20240118;100045;278.35;50;9428054496;B
20240118;100045;278.35;100;9428054511;B
20240118;100045;278.34;400;9428054550;S
20240118;100045;278.34;1080;9428054551;S
20240118;100045;278.34;360;9428054552;S
20240118;100045;278.34;280;9428054553;S
20240118;100045;278.33;770;9428054554;S
20240118;100046;278.35;10;9428054591;B
20240118;100046;278.35;660;9428054592;B
20240118;100047;278.31;200;9428054813;S
20240118;100047;278.38;500;9428054918;B
20240118;100049;278.33;50;9428055183;S
20240118;100051;278.33;150;9428055484;S
20240118;100051;278.31;860;9428055485;S
20240118;100053;278.36;400;9428055871;B
20240118;100053;278.36;60;9428055881;S
20240118;100053;278.36;500;9428055913;S
20240118;100053;278.36;500;9428055916;S
20240118;100054;278.36;500;9428056105;S
20240118;100054;278.37;360;9428056122;B
20240118;100054;278.37;1500;9428056123;B
20240118;100054;278.37;2000;9428056124;B
20240118;100054;278.37;400;9428056125;B
20240118;100054;278.37;740;9428056126;B
20240118;100054;278.36;500;9428056163;S
20240118;100055;278.37;500;9428056205;B
20240118;100055;278.37;100;9428056222;B
20240118;100055;278.36;500;9428056259;S
20240118;100056;278.36;20;9428056431;S
20240118;100056;278.36;20;9428056457;S
20240118;100056;278.36;100;9428056458;S
20240118;100056;278.31;220;9428056460;S
20240118;100056;278.31;60;9428056461;S
20240118;100056;278.31;30;9428056464;S
20240118;100056;278.3;70;9428056465;S
20240118;100056;278.35;400;9428056485;B
20240118;100056;278.36;100;9428056486;B
20240118;100056;278.37;360;9428056487;B
20240118;100056;278.37;360;9428056488;B
20240118;100056;278.37;20;9428056489;B
20240118;100056;278.36;10;9428056493;B
20240118;100058;278.33;10;9428056789;B
20240118;100058;278.3;30;9428056817;S
20240118;100058;278.3;10;9428056818;S
20240118;100058;278.3;530;9428056819;S
20240118;100058;278.29;400;9428056820;S
20240118;100058;278.28;300;9428056821;S
20240118;100058;278.26;690;9428056822;S
20240118;100058;278.25;690;9428056823;S
20240118;100058;278.24;200;9428056824;S
20240118;100058;278.24;690;9428056825;S
20240118;100058;278.23;690;9428056826;S
20240118;100058;278.22;690;9428056827;S
20240118;100058;278.22;1430;9428056828;S
20240118;100058;278.21;160;9428056829;S
20240118;100058;278.21;690;9428056830;S
20240118;100058;278.21;2000;9428056831;S
20240118;100058;278.2;690;9428056832;S
20240118;100058;278.19;110;9428056833;S
20240118;100059;278.26;400;9428056919;B
20240118;100059;278.27;100;9428056920;B
20240118;100059;278.26;400;9428056956;B
20240118;100059;278.27;100;9428056957;B
20240118;100059;278.26;10;9428057000;B
20240118;100100;278.2;40;9428057030;S
20240118;100100;278.26;400;9428057032;B
20240118;100100;278.27;680;9428057033;B
20240118;100100;278.21;10;9428057061;S
20240118;100100;278.3;300;9428057103;B
20240118;100100;278.31;40;9428057126;B
20240118;100100;278.21;50;9428057167;S
20240118;100101;278.31;10;9428057235;B
20240118;100103;278.32;10;9428057535;B
20240118;100103;278.34;40;9428057536;B
20240118;100103;278.34;10;9428057553;B
20240118;100103;278.33;690;9428057651;B
20240118;100103;278.34;50;9428057652;B
20240118;100103;278.34;690;9428057653;B
20240118;100103;278.34;400;9428057654;B
20240118;100103;278.35;690;9428057655;B
20240118;100103;278.36;690;9428057656;B
20240118;100103;278.36;300;9428057657;B
20240118;100103;278.36;1430;9428057658;B
20240118;100103;278.37;60;9428057659;B
20240118;100104;278.37;10;9428057780;B
20240118;100104;278.37;20;9428057793;B
20240118;100105;278.32;50;9428057888;B
20240118;100105;278.32;20;9428057889;B
20240118;100106;278.37;310;9428057994;B
20240118;100106;278.37;10;9428058028;B
20240118;100106;278.37;90;9428058029;B
20240118;100107;278.37;1500;9428058207;B
20240118;100107;278.37;2000;9428058208;B
20240118;100107;278.38;10;9428058209;B
20240118;100107;278.39;10;9428058210;B
20240118;100107;278.39;690;9428058211;B
20240118;100107;278.4;50;9428058212;B
20240118;100107;278.4;100;9428058213;B
20240118;100107;278.4;690;9428058214;B
20240118;100107;278.41;20;9428058215;B
20240118;100107;278.41;690;9428058216;B
20240118;100107;278.42;690;9428058217;B
20240118;100107;278.43;690;9428058218;B
20240118;100107;278.44;50;9428058219;B
20240118;100107;278.44;2810;9428058220;B
20240118;100108;278.4;200;9428058282;S
20240118;100108;278.43;2000;9428058350;B
20240118;100108;278.43;1500;9428058351;B
20240118;100108;278.44;10;9428058352;B
20240118;100108;278.44;300;9428058353;B
20240118;100108;278.45;690;9428058354;B
20240118;100108;278.46;500;9428058355;B
20240118;100108;278.42;400;9428058356;S
20240118;100108;278.42;1080;9428058357;S
20240118;100108;278.41;50;9428058376;S
20240118;100108;278.4;10;9428058380;S
20240118;100108;278.4;40;9428058396;S
20240118;100108;278.35;400;9428058397;S
20240118;100108;278.32;120;9428058398;S
20240118;100110;278.36;460;9428058721;B
20240118;100110;278.36;1500;9428058722;B
20240118;100110;278.37;400;9428058723;B
20240118;100110;278.39;1140;9428058724;B
20240118;100111;278.35;50;9428058902;B
20240118;100112;278.35;50;9428058997;B
20240118;100112;278.35;10;9428059013;B
20240118;100112;278.35;100;9428059045;B
20240118;100112;278.33;100;9428059053;S
20240118;100112;278.35;150;9428059057;B
20240118;100113;278.39;10;9428059210;B
20240118;100113;278.39;40;9428059222;B
20240118;100113;278.43;3910;9428059223;B
20240118;100115;278.36;30;9428059417;B
20240118;100115;278.36;470;9428059521;B
20240118;100115;278.37;10;9428059522;B
20240118;100115;278.43;540;9428059523;B
20240118;100116;278.37;360;9428059569;S
20240118;100116;278.37;140;9428059570;S
20240118;100117;278.39;10;9428059804;S
20240118;100117;278.38;10;9428059805;S
20240118;100117;278.37;10;9428059807;S
20240118;100117;278.36;970;9428059808;S
20240118;100117;278.37;1500;9428059834;B
20240118;100117;278.41;500;9428059857;S
20240118;100117;278.4;500;9428059867;S
20240118;100117;278.4;10;9428059905;S
20240118;100117;278.4;500;9428059915;S
20240118;100118;278.4;20;9428059976;S
20240118;100118;278.42;180;9428060000;B
20240118;100118;278.4;470;9428060006;S
20240118;100118;278.37;50;9428060049;S
20240118;100118;278.36;100;9428060050;S
20240118;100119;278.36;20;9428060103;B
20240118;100121;278.36;200;9428060479;B
20240118;100121;278.35;1000;9428060537;S
20240118;100121;278.35;170;9428060538;S
20240118;100121;278.36;130;9428060540;B
20240118;100121;278.36;370;9428060541;B
20240118;100122;278.35;400;9428060638;S
20240118;100122;278.34;360;9428060639;S
20240118;100122;278.34;140;9428060640;S
20240118;100122;278.38;10;9428060643;B
20240118;100122;278.37;10;9428060737;B
20240118;100122;278.38;20;9428060863;B
20240118;100122;278.38;980;9428060864;B
20240118;100123;278.42;440;9428060882;B
20240118;100123;278.42;170;9428060883;B
20240118;100123;278.42;90;9428060885;B
20240118;100123;278.42;150;9428060886;B
20240118;100123;278.42;1150;9428060887;B
20240118;100123;278.42;400;9428060888;B
20240118;100123;278.42;60;9428060889;B
20240118;100123;278.41;190;9428060890;B
20240118;100123;278.41;210;9428060891;B
20240118;100123;278.42;470;9428060892;B
20240118;100123;278.42;70;9428060894;B
20240118;100123;278.42;70;9428060895;B
20240118;100123;278.42;140;9428060896;B
20240118;100123;278.41;970;9428060897;B
20240118;100123;278.41;210;9428060898;B
20240118;100123;278.41;210;9428060899;B
20240118;100123;278.41;70;9428060900;B
20240118;100123;278.41;40;9428060901;B
20240118;100123;278.42;530;9428060902;B
20240118;100123;278.42;190;9428060905;B
20240118;100123;278.42;120;9428060906;B
20240118;100123;278.42;610;9428060907;B
20240118;100123;278.42;130;9428060909;B
20240118;100123;278.42;110;9428060910;B
20240118;100123;278.42;100;9428060911;B
20240118;100124;278.37;400;9428061045;S
20240118;100124;278.37;10;9428061064;S
20240118;100125;278.43;520;9428061238;B
20240118;100125;278.43;110;9428061239;B
20240118;100125;278.43;110;9428061241;B
20240118;100125;278.43;90;9428061242;B
20240118;100125;278.43;400;9428061243;B
20240118;100125;278.43;1940;9428061244;B
20240118;100125;278.43;220;9428061245;B
20240118;100125;278.43;540;9428061246;B
20240118;100125;278.43;690;9428061248;B
20240118;100125;278.43;690;9428061250;B
20240118;100125;278.43;200;9428061251;B
20240118;100125;278.43;110;9428061252;B
20240118;100125;278.43;480;9428061253;B
20240118;100125;278.38;400;9428061272;S
20240118;100125;278.37;90;9428061273;S
20240118;100125;278.37;10;9428061274;B
20240118;100126;278.43;60;9428061363;B
20240118;100126;278.37;50;9428061402;S
20240118;100126;278.39;10;9428061498;S
20240118;100126;278.37;10;9428061499;S
20240118;100126;278.37;380;9428061500;B
20240118;100127;278.39;400;9428061568;S
20240118;100127;278.43;390;9428061602;B
20240118;100127;278.46;150;9428061603;B
20240118;100127;278.46;10;9428061604;B
20240118;100127;278.46;1180;9428061605;B
20240118;100127;278.46;100;9428061607;B
20240118;100127;278.46;900;9428061608;B
20240118;100127;278.49;10;9428061609;B
20240118;100127;278.49;150;9428061610;B
20240118;100127;278.49;50;9428061611;B
20240118;100127;278.49;1420;9428061612;B
20240118;100127;278.49;210;9428061613;B
20240118;100127;278.49;70;9428061614;B
20240118;100127;278.49;460;9428061616;B
20240118;100127;278.5;10;9428061617;B
20240118;100127;278.5;70;9428061618;B
20240118;100127;278.5;10;9428061619;B
20240118;100127;278.5;120;9428061620;B
20240118;100127;278.5;180;9428061621;B
20240118;100127;278.5;180;9428061622;B
20240118;100127;278.5;70;9428061623;B
20240118;100127;278.5;500;9428061624;B
20240118;100127;278.5;50;9428061625;B
20240118;100127;278.5;170;9428061626;B
20240118;100127;278.5;120;9428061627;B
20240118;100127;278.5;380;9428061628;B
20240118;100127;278.49;20;9428061656;B
20240118;100127;278.5;30;9428061657;B
20240118;100127;278.5;170;9428061658;B
20240118;100127;278.5;40;9428061659;B
20240118;100127;278.5;200;9428061660;B
20240118;100127;278.5;110;9428061661;B
20240118;100127;278.5;1000;9428061662;B
20240118;100127;278.5;600;9428061663;B
20240118;100127;278.5;100;9428061664;B
20240118;100128;278.5;200;9428061729;B
20240118;100128;278.46;200;9428061735;S
20240118;100129;278.48;280;9428062038;B
20240118;100129;278.48;1060;9428062039;B
20240118;100129;278.48;420;9428062040;B
20240118;100129;278.48;20;9428062041;B
20240118;100129;278.49;100;9428062042;B
20240118;100129;278.5;30;9428062043;B
20240118;100129;278.5;150;9428062044;B
20240118;100129;278.5;160;9428062046;B
20240118;100129;278.5;240;9428062048;B
20240118;100129;278.5;160;9428062049;B
20240118;100129;278.5;730;9428062051;B
20240118;100129;278.5;90;9428062052;B
20240118;100129;278.46;100;9428062061;S
20240118;100130;278.46;300;9428062197;S
20240118;100130;278.45;100;9428062198;S
20240118;100131;278.49;50;9428062257;B
20240118;100131;278.5;450;9428062258;B
20240118;100132;278.5;30;9428062461;B
20240118;100133;278.5;10;9428062651;B
20240118;100134;278.5;920;9428062672;B
20240118;100134;278.5;10;9428062673;B
20240118;100134;278.5;550;9428062674;B
20240118;100134;278.5;1520;9428062675;B
20240118;100134;278.48;400;9428062703;S
20240118;100134;278.48;1080;9428062704;S
20240118;100134;278.48;360;9428062705;S
20240118;100134;278.48;240;9428062706;S
20240118;100134;278.47;20;9428062732;S
20240118;100134;278.48;360;9428062754;B
20240118;100136;278.48;20;9428062957;B
20240118;100136;278.47;40;9428063006;S
20240118;100137;278.48;70;9428063045;B
20240118;100137;278.48;10;9428063090;B
20240118;100137;278.48;50;9428063099;B
20240118;100139;278.48;10;9428063284;B
20240118;100139;278.48;10;9428063338;B
20240118;100139;278.48;10;9428063360;B
20240118;100140;278.47;1500;9428063433;S
20240118;100141;278.48;360;9428063629;B
20240118;100142;278.48;360;9428063813;B
20240118;100142;278.48;10;9428063914;B
20240118;100142;278.48;350;9428063922;B
20240118;100143;278.48;580;9428063952;B
20240118;100143;278.48;10;9428063957;B
20240118;100143;278.48;150;9428064024;B
20240118;100143;278.48;500;9428064025;B
20240118;100145;278.48;100;9428064206;B
20240118;100145;278.48;500;9428064207;B
20240118;100145;278.48;10;9428064216;B
20240118;100145;278.48;10;9428064235;B
20240118;100145;278.48;30;9428064258;B
20240118;100145;278.48;30;9428064331;B
20240118;100147;278.48;200;9428064474;B
20240118;100148;278.48;210;9428064618;B
20240118;100148;278.48;30;9428064684;B
20240118;100149;278.47;50;9428064719;S
20240118;100149;278.48;10;9428064753;B
20240118;100149;278.48;30;9428064775;B
20240118;100149;278.48;60;9428064789;B
20240118;100149;278.48;80;9428064790;B
20240118;100150;278.47;10;9428064925;S
20240118;100151;278.48;50;9428065031;B
20240118;100152;278.48;600;9428065442;B
20240118;100153;278.48;1900;9428065608;B
20240118;100153;278.48;10;9428065609;B
20240118;100153;278.48;10;9428065610;B
20240118;100153;278.5;480;9428065643;B
20240118;100153;278.5;50;9428065644;B
20240118;100153;278.5;50;9428065645;B
20240118;100153;278.5;50;9428065646;B
20240118;100153;278.5;10;9428065647;B
20240118;100153;278.5;10;9428065648;B
20240118;100153;278.49;100;9428065668;S
20240118;100154;278.49;10;9428065803;S
20240118;100154;278.51;10;9428065853;B
20240118;100154;278.52;30;9428065854;B
20240118;100154;278.52;90;9428065855;B
20240118;100154;278.52;70;9428065856;B
20240118;100154;278.52;20;9428065857;B
20240118;100155;278.52;10;9428065921;S
20240118;100155;278.52;90;9428065922;S
20240118;100155;278.52;310;9428065945;S
20240118;100155;278.51;190;9428065946;S
20240118;100155;278.52;70;9428065970;S
20240118;100156;278.53;10;9428066046;B
20240118;100156;278.54;200;9428066058;B
20240118;100156;278.55;20;9428066059;B
20240118;100156;278.55;50;9428066060;B
20240118;100156;278.56;50;9428066061;B
20240118;100156;278.58;690;9428066062;B
20240118;100156;278.58;500;9428066063;B
20240118;100156;278.59;10;9428066064;B
20240118;100156;278.59;10;9428066065;B
20240118;100156;278.59;690;9428066066;B
20240118;100156;278.59;1430;9428066067;B
20240118;100156;278.6;400;9428066068;B
20240118;100156;278.6;50;9428066069;B
20240118;100156;278.6;10;9428066070;B
20240118;100156;278.6;100;9428066071;B
20240118;100156;278.6;180;9428066072;B
20240118;100156;278.6;1000;9428066073;B
20240118;100156;278.6;100;9428066074;B
20240118;100156;278.6;50;9428066075;B
20240118;100156;278.6;100;9428066076;B
20240118;100156;278.6;690;9428066077;B
20240118;100156;278.6;10;9428066078;B
20240118;100156;278.61;600;9428066079;B
20240118;100156;278.61;8000;9428066080;B
20240118;100156;278.61;690;9428066081;B
20240118;100156;278.61;100;9428066082;S
20240118;100156;278.61;2000;9428066083;S
20240118;100156;278.62;400;9428066084;B
20240118;100156;278.61;500;9428066085;S
20240118;100156;278.61;500;9428066086;S
20240118;100156;278.62;500;9428066121;S
20240118;100156;278.64;10;9428066153;B
20240118;100156;278.64;240;9428066154;B
20240118;100156;278.64;30;9428066156;B
20240118;100156;278.64;2000;9428066180;B
20240118;100157;278.64;10;9428066203;B
20240118;100157;278.62;580;9428066246;S
20240118;100157;278.62;360;9428066247;S
20240118;100157;278.61;6050;9428066248;S
20240118;100157;278.61;400;9428066249;S
20240118;100157;278.54;690;9428066250;S
20240118;100157;278.53;690;9428066251;S
20240118;100157;278.52;690;9428066252;S
20240118;100157;278.52;1430;9428066253;S
20240118;100157;278.52;2550;9428066254;S
20240118;100157;278.51;690;9428066255;S
20240118;100157;278.5;2550;9428066256;S
20240118;100157;278.5;2000;9428066257;S
20240118;100157;278.5;690;9428066258;S
20240118;100157;278.5;1870;9428066259;S
20240118;100158;278.63;500;9428066443;B
20240118;100158;278.6;100;9428066487;S
20240118;100159;278.56;30;9428066854;B
20240118;100200;278.52;500;9428067065;S
20240118;100201;278.56;10;9428067254;B
20240118;100201;278.56;850;9428067256;B
20240118;100202;278.52;500;9428067420;S
20240118;100202;278.53;500;9428067765;S
20240118;100204;278.53;300;9428068076;S
20240118;100204;278.57;10;9428068150;B
20240118;100204;278.57;20;9428068158;B
20240118;100204;278.57;30;9428068159;B
20240118;100205;278.58;20;9428068301;B
20240118;100206;278.58;380;9428068421;B
20240118;100206;278.58;120;9428068422;B
20240118;100208;278.54;200;9428068745;S
20240118;100209;278.58;10;9428068861;B
20240118;100210;278.54;10;9428068982;S
20240118;100210;278.56;10;9428068988;B
20240118;100210;278.56;10;9428068997;B
20240118;100210;278.56;550;9428069042;B
20240118;100211;278.55;200;9428069081;S
20240118;100211;278.57;50;9428069090;B
20240118;100211;278.54;290;9428069106;S
20240118;100211;278.54;210;9428069107;S
20240118;100211;278.54;190;9428069150;S
20240118;100211;278.54;20;9428069252;B
20240118;100212;278.54;10;9428069310;B
20240118;100212;278.54;80;9428069337;B
20240118;100213;278.57;10;9428069492;B
20240118;100213;278.57;50;9428069526;B
20240118;100214;278.57;10;9428069648;B
20240118;100214;278.57;10;9428069730;B
20240118;100215;278.57;100;9428069762;B
20240118;100215;278.57;20;9428069822;B
20240118;100215;278.59;100;9428069823;B
20240118;100215;278.6;10;9428069824;B
20240118;100215;278.6;1430;9428069825;B
20240118;100215;278.6;400;9428069826;B
20240118;100215;278.61;690;9428069827;B
20240118;100215;278.61;130;9428069828;B
20240118;100215;278.61;10;9428069829;B
20240118;100215;278.61;1000;9428069830;B
20240118;100215;278.62;690;9428069831;B
20240118;100215;278.62;1230;9428069832;B
20240118;100216;278.55;10;9428069994;B
20240118;100216;278.54;130;9428070018;S
20240118;100216;278.54;160;9428070019;S
20240118;100216;278.55;90;9428070030;B
20240118;100216;278.57;100;9428070085;S
20240118;100217;278.62;100;9428070155;B
20240118;100217;278.57;10;9428070172;S
20240118;100217;278.57;490;9428070173;S
20240118;100217;278.59;500;9428070220;S
20240118;100218;278.62;30;9428070305;B
20240118;100218;278.59;580;9428070321;S
20240118;100218;278.59;90;9428070322;S
20240118;100218;278.58;330;9428070323;S
20240118;100218;278.61;10;9428070336;B
20240118;100219;278.59;500;9428070337;S
20240118;100219;278.59;500;9428070359;S
20240118;100219;278.61;40;9428070389;B
20240118;100219;278.61;1390;9428070390;B
20240118;100219;278.61;80;9428070406;B
20240118;100220;278.63;10;9428070481;B
20240118;100220;278.64;10;9428070482;B
20240118;100220;278.63;400;9428070541;B
20240118;100220;278.64;6710;9428070542;B
20240118;100220;278.64;880;9428070543;B
20240118;100220;278.65;50;9428070544;B
20240118;100220;278.65;690;9428070545;B
20240118;100220;278.65;10;9428070546;B
20240118;100220;278.65;1260;9428070547;B
20240118;100221;278.61;100;9428070588;S
20240118;100222;278.61;400;9428070766;S
20240118;100222;278.6;100;9428070767;S
20240118;100222;278.63;100;9428070772;B
20240118;100222;278.65;740;9428070773;B
20240118;100222;278.66;410;9428070774;B
20240118;100222;278.65;40;9428070817;B
20240118;100223;278.61;250;9428070880;S
20240118;100223;278.65;20;9428070949;B
20240118;100223;278.65;10;9428070989;B
20240118;100223;278.61;500;9428071050;S
20240118;100224;278.65;1930;9428071135;B
20240118;100224;278.65;400;9428071136;B
20240118;100224;278.65;2000;9428071137;B
20240118;100224;278.66;590;9428071138;B
20240118;100224;278.66;80;9428071139;B
20240118;100224;278.65;2000;9428071182;B
20240118;100224;278.66;120;9428071183;B
20240118;100224;278.66;210;9428071184;B
20240118;100224;278.67;690;9428071185;B
20240118;100224;278.67;980;9428071186;B
20240118;100224;278.64;10;9428071229;S
20240118;100224;278.64;500;9428071241;S
20240118;100224;278.65;300;9428071330;B
20240118;100225;278.64;50;9428071408;S
20240118;100225;278.61;150;9428071409;S
20240118;100225;278.66;10;9428071410;B
20240118;100225;278.61;10;9428071420;S
20240118;100225;278.66;10;9428071461;B
20240118;100226;278.66;380;9428071466;B
20240118;100226;278.66;50;9428071508;B
20240118;100226;278.61;180;9428071527;S
20240118;100227;278.66;20;9428071586;B
20240118;100227;278.65;500;9428071615;S
20240118;100227;278.65;500;9428071619;S
20240118;100227;278.65;50;9428071644;S
20240118;100227;278.66;30;9428071657;B
20240118;100227;278.66;100;9428071664;B
20240118;100227;278.66;100;9428071676;B
20240118;100228;278.65;500;9428071772;S
20240118;100229;278.65;150;9428071802;S
20240118;100229;278.62;50;9428071803;S
20240118;100230;278.62;50;9428071999;B
20240118;100231;278.62;50;9428072033;B
20240118;100231;278.62;50;9428072088;B
20240118;100231;278.61;300;9428072113;S
20240118;100231;278.61;40;9428072180;S
20240118;100231;278.62;50;9428072182;B
20240118;100231;278.62;10;9428072183;B
20240118;100231;278.61;20;9428072190;S
20240118;100232;278.62;90;9428072257;B
20240118;100232;278.62;10;9428072258;B
20240118;100232;278.64;400;9428072259;B
20240118;100233;278.65;210;9428072327;B
20240118;100233;278.65;500;9428072386;B
20240118;100235;278.61;110;9428072646;S
20240118;100235;278.61;100;9428072647;S
20240118;100235;278.61;10;9428072648;S
20240118;100235;278.61;1080;9428072649;S
20240118;100235;278.6;130;9428072650;S
20240118;100235;278.6;10;9428072675;S
20240118;100235;278.65;10;9428072685;B
20240118;100235;278.65;50;9428072686;B
20240118;100236;278.65;10;9428072757;B
20240118;100236;278.65;20;9428072760;B
20240118;100236;278.65;60;9428072775;B
20240118;100236;278.65;1140;9428072812;B
20240118;100236;278.65;2000;9428072813;B
20240118;100236;278.65;400;9428072814;B
20240118;100236;278.66;10;9428072816;B
20240118;100236;278.66;120;9428072839;B
20240118;100236;278.65;150;9428072852;S
20240118;100236;278.63;50;9428072873;B
20240118;100236;278.65;100;9428072875;S
20240118;100236;278.66;120;9428072892;B
20240118;100236;278.67;130;9428072893;B
20240118;100236;278.67;400;9428072894;B
20240118;100236;278.67;100;9428072895;S
20240118;100236;278.67;100;9428072896;S
20240118;100236;278.67;100;9428072902;S
20240118;100236;278.68;100;9428072904;B
20240118;100236;278.68;60;9428072905;B
20240118;100237;278.67;200;9428072916;S
20240118;100237;278.68;10;9428072967;B
20240118;100237;278.67;500;9428072993;S
20240118;100237;278.67;300;9428072994;S
20240118;100237;278.68;10;9428072995;B
20240118;100238;278.67;100;9428073103;S
20240118;100238;278.68;300;9428073107;B
20240118;100238;278.68;40;9428073134;B
20240118;100239;278.67;450;9428073177;S
20240118;100239;278.66;50;9428073178;S
20240118;100239;278.66;500;9428073202;S
20240118;100239;278.66;560;9428073247;S
20240118;100239;278.67;10;9428073278;B
20240118;100239;278.67;300;9428073284;B
20240118;100240;278.67;50;9428073350;B
20240118;100240;278.66;10;9428073354;S
20240118;100240;278.66;400;9428073370;S
20240118;100240;278.66;30;9428073385;S
20240118;100240;278.65;440;9428073386;S
20240118;100240;278.6;300;9428073387;S
20240118;100241;278.6;190;9428073517;S
20240118;100241;278.64;30;9428073541;B
20240118;100241;278.64;360;9428073542;B
20240118;100241;278.64;180;9428073543;B
20240118;100241;278.64;500;9428073551;B
20240118;100241;278.64;360;9428073592;B
20240118;100241;278.65;140;9428073593;B
20240118;100242;278.66;10;9428073664;B
20240118;100243;278.64;360;9428073840;B
20240118;100243;278.64;890;9428073841;B
20240118;100244;278.64;80;9428073905;B
20240118;100244;278.62;50;9428073989;B
20240118;100245;278.62;200;9428074038;B
20240118;100246;278.6;10;9428074212;S
20240118;100246;278.62;20;9428074253;B
20240118;100247;278.61;20;9428074295;B
20240118;100247;278.61;10;9428074298;B
20240118;100247;278.61;370;9428074317;B
20240118;100247;278.61;2000;9428074318;B
20240118;100247;278.63;2000;9428074319;B
20240118;100247;278.63;2000;9428074320;B
20240118;100247;278.64;50;9428074321;B
20240118;100247;278.65;360;9428074322;B
20240118;100247;278.65;360;9428074323;B
20240118;100247;278.65;1080;9428074324;B
20240118;100247;278.66;300;9428074325;B
20240118;100247;278.66;2000;9428074326;B
20240118;100247;278.66;500;9428074327;S
20240118;100247;278.66;1500;9428074328;S
20240118;100247;278.66;100;9428074329;S
20240118;100247;278.66;100;9428074330;S
20240118;100247;278.66;300;9428074331;S
20240118;100247;278.66;100;9428074332;S
20240118;100247;278.66;900;9428074334;S
20240118;100247;278.66;80;9428074391;S
20240118;100247;278.66;800;9428074396;S
20240118;100247;278.6;260;9428074397;S
20240118;100247;278.6;100;9428074398;S
20240118;100247;278.6;450;9428074399;S
20240118;100247;278.59;340;9428074400;S
20240118;100247;278.59;160;9428074472;S
20240118;100247;278.59;60;9428074473;S
20240118;100248;278.6;10;9428074628;B
20240118;100248;278.6;290;9428074667;B
20240118;100248;278.61;50;9428074668;B
20240118;100248;278.63;360;9428074669;B
20240118;100248;278.63;1080;9428074670;B
20240118;100248;278.63;360;9428074671;B
20240118;100248;278.64;2000;9428074672;B
20240118;100248;278.65;500;9428074673;B
20240118;100248;278.66;400;9428074674;B
20240118;100248;278.67;5000;9428074675;B
20240118;100248;278.67;300;9428074676;B
20240118;100248;278.67;690;9428074677;B
20240118;100248;278.67;2000;9428074678;B
20240118;100248;278.68;1970;9428074679;B
20240118;100249;278.59;340;9428074753;S
20240118;100249;278.58;160;9428074754;S
20240118;100249;278.66;50;9428074830;B
20240118;100249;278.66;50;9428074838;B
20240118;100250;278.62;500;9428074957;S
20240118;100250;278.61;380;9428074958;S
20240118;100250;278.67;20;9428075055;B
20240118;100251;278.6;10;9428075217;S
20240118;100252;278.6;70;9428075333;S
20240118;100252;278.59;180;9428075334;S
20240118;100252;278.58;250;9428075335;S
20240118;100253;278.61;50;9428075452;B
20240118;100254;278.61;10;9428075502;B
20240118;100254;278.61;40;9428075618;B
20240118;100255;278.61;10;9428075670;B
20240118;100255;278.6;160;9428075749;B
20240118;100255;278.61;1080;9428075750;B
20240118;100255;278.61;360;9428075751;B
20240118;100255;278.62;1520;9428075752;B
20240118;100257;278.6;20;9428076022;S
20240118;100257;278.62;480;9428076067;B
20240118;100257;278.64;50;9428076093;B
20240118;100259;278.64;50;9428076225;B
20240118;100259;278.65;10;9428076226;B
20240118;100259;278.65;180;9428076227;B
20240118;100259;278.65;790;9428076228;B
20240118;100259;278.66;250;9428076229;B
20240118;100259;278.67;1080;9428076230;B
20240118;100259;278.67;10;9428076231;B
20240118;100259;278.68;610;9428076232;B
20240118;100259;278.68;200;9428076233;B
20240118;100259;278.68;10;9428076234;B
20240118;100259;278.68;250;9428076235;B
20240118;100259;278.68;10;9428076236;B
20240118;100259;278.68;400;9428076237;B
20240118;100259;278.69;10;9428076238;B
20240118;100259;278.69;10;9428076239;B
20240118;100259;278.69;50;9428076240;B
20240118;100259;278.69;50;9428076241;B
20240118;100259;278.69;10;9428076242;B
20240118;100259;278.69;50;9428076243;B
20240118;100259;278.69;10;9428076244;B
20240118;100259;278.69;960;9428076245;B
20240118;100259;278.62;250;9428076276;S
20240118;100259;278.66;100;9428076315;B
20240118;100300;278.64;10;9428076472;B
20240118;100301;278.64;40;9428076569;B
20240118;100301;278.66;40;9428076570;B
20240118;100301;278.63;100;9428076574;S
20240118;100301;278.63;600;9428076575;S
20240118;100301;278.62;1270;9428076576;S
20240118;100301;278.6;100;9428076577;S
20240118;100301;278.59;400;9428076578;S
20240118;100301;278.58;30;9428076579;S
20240118;100301;278.64;10;9428076581;B
20240118;100301;278.62;60;9428076720;B
20240118;100302;278.62;50;9428076849;B
20240118;100302;278.6;250;9428076885;S
20240118;100302;278.62;50;9428076892;B
20240118;100303;278.62;120;9428076959;B
20240118;100303;278.6;10;9428076981;S
20240118;100303;278.62;10;9428076993;B
20240118;100304;278.6;340;9428077300;S
20240118;100304;278.6;1000;9428077301;S
20240118;100304;278.58;3800;9428077302;S
20240118;100304;278.61;10;9428077359;B
20240118;100305;278.61;10;9428077413;B
20240118;100305;278.6;200;9428077532;S
20240118;100305;278.58;430;9428077533;S
20240118;100305;278.58;10;9428077534;S
20240118;100305;278.58;360;9428077535;S
20240118;100306;278.61;380;9428077579;B
20240118;100306;278.61;780;9428077580;B
20240118;100306;278.62;10;9428077581;B
20240118;100306;278.62;10;9428077582;B
20240118;100306;278.63;1080;9428077583;B
20240118;100306;278.63;360;9428077584;B
20240118;100306;278.64;360;9428077585;B
20240118;100306;278.64;1820;9428077586;B
20240118;100306;278.63;10;9428077670;B
20240118;100306;278.63;60;9428077671;B
20240118;100306;278.62;100;9428077684;S
20240118;100307;278.6;70;9428077730;S
20240118;100307;278.58;140;9428077731;S
20240118;100307;278.58;100;9428077753;B
20240118;100308;278.58;10;9428077903;B
20240118;100308;278.58;10;9428077908;B
20240118;100308;278.58;110;9428077935;B
20240118;100309;278.58;10;9428078021;B
20240118;100309;278.57;300;9428078055;S
20240118;100310;278.56;20;9428078126;B
20240118;100310;278.56;10;9428078192;B
20240118;100311;278.56;10;9428078224;B
20240118;100311;278.56;10;9428078417;B
20240118;100312;278.55;70;9428078632;S
20240118;100313;278.56;30;9428078749;B
20240118;100314;278.55;50;9428078829;S
20240118;100314;278.56;60;9428078896;B
20240118;100314;278.57;10;9428078897;B
20240118;100314;278.58;30;9428078898;B
20240118;100315;278.59;20;9428078973;B
20240118;100315;278.61;10;9428078974;B
20240118;100315;278.61;200;9428079027;B
20240118;100316;278.6;10;9428079186;B
20240118;100317;278.58;150;9428079224;S
20240118;100317;278.58;150;9428079225;S
20240118;100317;278.58;200;9428079249;S
20240118;100317;278.57;800;9428079283;B
20240118;100319;278.57;110;9428079473;B
20240118;100319;278.55;30;9428079533;S
20240118;100320;278.56;50;9428079573;B
20240118;100320;278.57;50;9428079666;B
20240118;100321;278.58;30;9428079870;B
20240118;100321;278.57;300;9428079880;S
20240118;100321;278.58;10;9428079890;B
20240118;100321;278.58;100;9428079948;B
20240118;100323;278.57;100;9428080115;S
20240118;100323;278.58;10;9428080151;B
20240118;100325;278.57;30;9428080430;S
20240118;100325;278.56;450;9428080431;S
20240118;100325;278.56;400;9428080432;S
20240118;100325;278.55;800;9428080433;S
20240118;100325;278.55;390;9428080434;S
20240118;100325;278.54;20;9428080435;S
20240118;100325;278.53;70;9428080436;S
20240118;100325;278.53;50;9428080437;S
20240118;100325;278.53;10;9428080438;S
20240118;100325;278.53;50;9428080439;S
20240118;100325;278.53;690;9428080440;S
20240118;100325;278.52;150;9428080441;S
20240118;100325;278.52;690;9428080442;S
20240118;100325;278.51;50;9428080443;S
20240118;100325;278.51;500;9428080444;S
20240118;100325;278.51;1840;9428080445;S
20240118;100325;278.51;690;9428080446;S
20240118;100325;278.51;100;9428080447;S
20240118;100325;278.5;500;9428080448;S
20240118;100325;278.5;100;9428080449;S
20240118;100325;278.5;20;9428080450;S
20240118;100325;278.5;690;9428080451;S
20240118;100325;278.5;10;9428080452;S
20240118;100325;278.5;1000;9428080453;S
20240118;100325;278.5;2000;9428080454;S
20240118;100325;278.5;360;9428080455;S
20240118;100325;278.49;690;9428080456;S
20240118;100325;278.49;400;9428080457;S
20240118;100325;278.49;1000;9428080458;S
20240118;100325;278.49;2000;9428080459;S
20240118;100325;278.49;360;9428080460;S
20240118;100325;278.48;50;9428080461;S
20240118;100325;278.48;1840;9428080462;S
20240118;100326;278.57;160;9428080606;B
20240118;100326;278.58;150;9428080607;B
20240118;100326;278.58;20;9428080608;B
20240118;100326;278.6;350;9428080609;B
20240118;100326;278.6;100;9428080610;B
20240118;100326;278.6;220;9428080611;B
20240118;100326;278.53;100;9428080625;S
20240118;100327;278.56;10;9428080824;B
20240118;100327;278.56;10;9428080884;B
20240118;100329;278.55;50;9428081064;B
20240118;100329;278.56;70;9428081065;B
20240118;100330;278.56;110;9428081249;B
20240118;100330;278.57;80;9428081250;B
20240118;100330;278.57;20;9428081251;B
20240118;100330;278.58;100;9428081252;B
20240118;100330;278.59;400;9428081253;B
20240118;100330;278.6;130;9428081254;B
20240118;100330;278.6;690;9428081255;B
20240118;100330;278.6;100;9428081256;B
20240118;100330;278.6;500;9428081325;S
20240118;100330;278.6;30;9428081336;S
20240118;100331;278.61;250;9428081365;B
20240118;100331;278.61;20;9428081366;B
20240118;100331;278.61;1580;9428081367;B
20240118;100331;278.6;1840;9428081376;S
20240118;100331;278.55;400;9428081377;S
20240118;100331;278.54;200;9428081378;S
20240118;100331;278.52;240;9428081379;S
20240118;100331;278.61;10;9428081400;B
20240118;100332;278.55;20;9428081534;S
20240118;100333;278.61;240;9428081691;B
20240118;100334;278.61;10;9428081766;B
20240118;100335;278.62;20;9428082003;B
20240118;100336;278.62;10;9428082077;B
20240118;100336;278.62;10;9428082092;B
20240118;100337;278.62;10;9428082242;B
20240118;100339;278.61;300;9428082459;B
20240118;100339;278.61;250;9428082460;B
20240118;100339;278.62;950;9428082461;B
20240118;100339;278.62;20;9428082462;B
20240118;100339;278.62;180;9428082463;B
20240118;100339;278.6;10;9428082553;S
20240118;100339;278.6;10;9428082575;S
20240118;100340;278.6;100;9428082620;S
20240118;100340;278.6;160;9428082652;S
20240118;100341;278.6;10;9428082836;B
20240118;100341;278.6;30;9428082840;B
20240118;100341;278.6;50;9428082841;B
20240118;100341;278.6;20;9428082842;B
20240118;100341;278.6;20;9428082871;B
20240118;100341;278.6;10;9428082879;B
20240118;100342;278.6;10;9428082895;B
20240118;100342;278.6;40;9428082921;B
20240118;100342;278.6;160;9428082922;B
20240118;100342;278.58;70;9428082982;S
20240118;100342;278.58;30;9428082983;S
20240118;100342;278.6;10;9428083002;B
20240118;100343;278.58;70;9428083022;S
20240118;100343;278.57;10;9428083023;S
20240118;100343;278.56;160;9428083024;S
20240118;100343;278.56;300;9428083080;S
20240118;100343;278.56;200;9428083097;S
20240118;100344;278.6;380;9428083173;B
20240118;100344;278.6;40;9428083179;B
20240118;100345;278.56;1080;9428083305;S
20240118;100345;278.56;400;9428083306;S
20240118;100345;278.55;980;9428083307;S
20240118;100345;278.55;200;9428083308;S
20240118;100345;278.53;60;9428083338;S
20240118;100345;278.53;360;9428083339;S
20240118;100345;278.53;360;9428083340;S
20240118;100346;278.52;50;9428083460;S
20240118;100347;278.51;980;9428083476;S
20240118;100349;278.53;400;9428083650;B
20240118;100349;278.53;360;9428083651;B
20240118;100349;278.53;1040;9428083652;B
20240118;100349;278.53;20;9428083678;B
20240118;100349;278.53;380;9428083727;B
20240118;100349;278.53;1080;9428083728;B
20240118;100349;278.53;360;9428083729;B
20240118;100349;278.53;360;9428083730;B
20240118;100349;278.54;7820;9428083731;B
20240118;100349;278.51;40;9428083735;S
20240118;100350;278.53;330;9428083768;B
20240118;100350;278.51;2570;9428083775;S
20240118;100350;278.51;50;9428083776;S
20240118;100350;278.5;10;9428083778;S
20240118;100350;278.5;190;9428083833;S
20240118;100350;278.5;10;9428083834;S
20240118;100350;278.5;10;9428083835;S
20240118;100350;278.5;100;9428083836;S
20240118;100350;278.5;50;9428083837;S
20240118;100350;278.5;10;9428083838;S
20240118;100350;278.48;80;9428083839;S
20240118;100350;278.48;4550;9428083840;S
20240118;100351;278.48;200;9428083907;S
20240118;100352;278.51;40;9428084062;B
20240118;100352;278.51;310;9428084063;B
20240118;100352;278.52;400;9428084076;B
20240118;100352;278.53;750;9428084077;B
20240118;100352;278.53;360;9428084078;B
20240118;100352;278.53;360;9428084079;B
20240118;100352;278.53;500;9428084080;B
20240118;100352;278.54;17630;9428084081;B
20240118;100353;278.53;1000;9428084209;B
20240118;100354;278.53;20;9428084281;B
20240118;100355;278.53;810;9428084307;B
20240118;100355;278.54;590;9428084308;B
20240118;100356;278.51;10;9428084523;S
20240118;100356;278.5;10;9428084524;S
20240118;100357;278.54;3500;9428084589;B
20240118;100357;278.54;10;9428084613;B
20240118;100359;278.54;1770;9428084838;B
20240118;100359;278.55;730;9428084839;B
20240118;100359;278.55;40;9428084890;B
20240118;100359;278.51;170;9428084891;S
20240118;100401;278.55;10;9428085105;B
20240118;100401;278.55;10;9428085107;B
20240118;100401;278.54;100;9428085124;S
20240118;100401;278.54;100;9428085127;S
20240118;100401;278.56;50;9428085142;B
20240118;100401;278.54;800;9428085153;S
20240118;100401;278.52;450;9428085154;S
20240118;100401;278.52;400;9428085155;S
20240118;100401;278.5;20;9428085156;S
20240118;100401;278.5;20;9428085157;S
20240118;100402;278.5;500;9428085196;B
20240118;100402;278.5;30;9428085243;B
20240118;100402;278.5;170;9428085252;B
20240118;100402;278.49;360;9428085288;S
20240118;100402;278.49;1080;9428085289;S
20240118;100402;278.49;360;9428085290;S
20240118;100403;278.49;10;9428085389;S
20240118;100404;278.5;10;9428085455;B
20240118;100404;278.5;10;9428085478;B
20240118;100404;278.5;180;9428085502;B
20240118;100404;278.49;350;9428085520;S
20240118;100404;278.49;360;9428085521;S
20240118;100404;278.49;400;9428085522;S
20240118;100404;278.49;690;9428085523;S
20240118;100405;278.5;70;9428085635;B
20240118;100406;278.49;1430;9428085760;B
20240118;100406;278.49;2190;9428085766;S
20240118;100407;278.49;2380;9428085917;S
20240118;100407;278.49;10;9428085918;S
20240118;100407;278.49;360;9428085919;S
20240118;100407;278.48;250;9428085920;S
20240118;100408;278.5;30;9428086059;B
20240118;100408;278.5;100;9428086105;B
20240118;100408;278.5;10;9428086107;B
20240118;100408;278.5;20;9428086131;B
20240118;100409;278.49;10;9428086220;S
20240118;100409;278.49;30;9428086221;S
20240118;100409;278.48;290;9428086222;S
20240118;100409;278.49;500;9428086243;B
20240118;100409;278.5;120;9428086273;B
20240118;100410;278.5;20;9428086320;B
20240118;100410;278.5;10;9428086378;B
20240118;100410;278.48;1560;9428086404;S
20240118;100410;278.49;200;9428086417;B
20240118;100411;278.48;260;9428086548;S
20240118;100412;278.48;100;9428086617;S
20240118;100412;278.49;10;9428086639;B
20240118;100413;278.49;10;9428086750;B
20240118;100413;278.48;10;9428086808;S
20240118;100413;278.49;860;9428086810;B
20240118;100413;278.49;140;9428086811;B
20240118;100414;278.49;20;9428086968;B
20240118;100415;278.48;100;9428087046;S
20240118;100416;278.49;800;9428087196;B
20240118;100418;278.49;70;9428087513;B
20240118;100419;278.48;200;9428087554;S
20240118;100419;278.49;50;9428087625;B
20240118;100419;278.49;200;9428087649;B
20240118;100420;278.49;30;9428087719;B
20240118;100420;278.49;400;9428087720;B
20240118;100420;278.49;190;9428087721;B
20240118;100420;278.49;100;9428087722;B
20240118;100420;278.5;200;9428087723;B
20240118;100420;278.5;80;9428087724;B
20240118;100421;278.48;500;9428087885;S
20240118;100421;278.48;40;9428087929;S
20240118;100422;278.49;50;9428087992;B
20240118;100422;278.48;1940;9428087994;S
20240118;100422;278.48;10;9428087995;S
20240118;100422;278.48;30;9428087996;S
20240118;100422;278.47;10;9428087997;S
20240118;100422;278.46;100;9428087998;S
20240118;100422;278.45;470;9428087999;S
20240118;100422;278.44;120;9428088000;S
20240118;100422;278.44;20;9428088001;S
20240118;100422;278.43;10;9428088002;S
20240118;100422;278.43;50;9428088003;S
20240118;100422;278.43;100;9428088004;S
20240118;100422;278.43;10;9428088005;S
20240118;100422;278.43;130;9428088006;S
20240118;100423;278.43;50;9428088102;B
20240118;100423;278.42;20;9428088108;S
20240118;100423;278.42;50;9428088172;S
20240118;100426;278.43;40;9428088505;B
20240118;100427;278.43;10;9428088553;B
20240118;100427;278.43;20;9428088554;B
20240118;100427;278.43;50;9428088555;B
20240118;100427;278.44;10;9428088556;B
20240118;100427;278.44;200;9428088557;B
20240118;100427;278.46;710;9428088558;B
20240118;100428;278.46;10;9428088774;B
20240118;100428;278.42;20;9428088797;S
20240118;100429;278.47;10;9428088869;B
20240118;100429;278.42;50;9428088893;S
20240118;100431;278.42;860;9428089117;S
20240118;100431;278.42;350;9428089118;S
20240118;100431;278.42;10;9428089119;S
20240118;100431;278.41;10;9428089120;S
20240118;100431;278.41;400;9428089121;S
20240118;100431;278.4;100;9428089122;S
20240118;100431;278.4;50;9428089123;S
20240118;100431;278.4;10;9428089124;S
20240118;100431;278.39;690;9428089125;S
20240118;100431;278.38;10;9428089126;S
20240118;100431;278.38;100;9428089127;S
20240118;100431;278.38;690;9428089128;S
20240118;100431;278.37;360;9428089129;S
20240118;100431;278.37;690;9428089130;S
20240118;100431;278.37;310;9428089131;S
20240118;100431;278.37;20;9428089134;S
20240118;100432;278.38;30;9428089242;B
20240118;100433;278.36;2000;9428089392;S
20240118;100433;278.36;30;9428089393;S
20240118;100433;278.36;10;9428089426;B
20240118;100434;278.36;180;9428089587;B
20240118;100436;278.36;20;9428089727;B
20240118;100436;278.35;40;9428089738;S
20240118;100436;278.35;10;9428089739;S
20240118;100436;278.34;10;9428089740;S
20240118;100436;278.34;940;9428089741;S
20240118;100437;278.35;10;9428089827;B
20240118;100437;278.35;10;9428089899;B
20240118;100438;278.34;60;9428089924;S
20240118;100438;278.33;500;9428089925;S
20240118;100438;278.33;380;9428089926;S
20240118;100438;278.35;150;9428090000;B
20240118;100438;278.35;160;9428090001;B
20240118;100438;278.36;250;9428090002;B
20240118;100438;278.33;10;9428090015;S
20240118;100439;278.33;100;9428090073;S
20240118;100439;278.33;290;9428090113;S
20240118;100439;278.32;50;9428090114;S
20240118;100439;278.32;50;9428090115;S
20240118;100439;278.32;200;9428090116;S
20240118;100439;278.32;10;9428090117;S
20240118;100439;278.32;1430;9428090118;S
20240118;100439;278.31;50;9428090119;S
20240118;100439;278.31;690;9428090120;S
20240118;100439;278.31;10;9428090121;S
20240118;100439;278.31;70;9428090124;S
20240118;100440;278.36;10;9428090160;B
20240118;100441;278.36;10;9428090278;B
20240118;100443;278.36;30;9428090586;B
20240118;100443;278.36;10;9428090587;B
20240118;100443;278.35;560;9428090601;S
20240118;100443;278.32;300;9428090602;S
20240118;100443;278.31;140;9428090603;S
20240118;100443;278.3;10;9428090649;S
20240118;100443;278.3;10;9428090650;S
20240118;100443;278.3;30;9428090651;S
20240118;100444;278.33;20;9428090796;B
20240118;100444;278.33;10;9428090804;B
20240118;100444;278.35;20;9428090805;B
20240118;100444;278.35;50;9428090806;B
20240118;100445;278.37;400;9428090893;B
20240118;100445;278.38;360;9428090894;B
20240118;100445;278.38;390;9428090895;B
20240118;100446;278.31;400;9428090960;S
20240118;100446;278.3;40;9428090961;S
20240118;100446;278.3;60;9428090962;S
20240118;100447;278.36;20;9428091132;B
20240118;100447;278.37;10;9428091133;B
20240118;100448;278.36;10;9428091286;S
20240118;100449;278.36;10;9428091538;S
20240118;100449;278.36;10;9428091539;S
20240118;100449;278.39;2000;9428091608;B
20240118;100449;278.39;400;9428091609;B
20240118;100449;278.39;850;9428091610;B
20240118;100449;278.4;1080;9428091611;B
20240118;100449;278.43;510;9428091612;B
20240118;100450;278.44;10;9428091688;B
20240118;100451;278.39;200;9428091814;B
20240118;100451;278.38;50;9428091828;S
20240118;100452;278.38;10;9428091923;S
20240118;100452;278.38;90;9428091980;S
20240118;100452;278.37;10;9428091981;S
20240118;100456;278.37;90;9428092442;S
20240118;100456;278.37;70;9428092443;S
20240118;100456;278.36;20;9428092444;S
20240118;100456;278.36;3000;9428092445;S
20240118;100456;278.35;10;9428092446;S
20240118;100456;278.35;100;9428092447;S
20240118;100456;278.32;400;9428092448;S
20240118;100456;278.32;360;9428092449;S
20240118;100456;278.31;1000;9428092450;S
20240118;100456;278.3;30;9428092451;S
20240118;100456;278.3;50;9428092452;S
20240118;100456;278.3;100;9428092453;S
20240118;100456;278.3;30;9428092454;S
20240118;100456;278.3;3580;9428092455;S
20240118;100456;278.3;10;9428092456;S
20240118;100456;278.3;500;9428092457;S
20240118;100456;278.3;690;9428092458;S
20240118;100456;278.29;690;9428092459;S
20240118;100456;278.28;200;9428092460;S
20240118;100456;278.28;690;9428092461;S
20240118;100456;278.28;2000;9428092462;S
20240118;100456;278.27;690;9428092463;S
20240118;100456;278.27;1000;9428092464;S
20240118;100456;278.26;1000;9428092465;S
20240118;100456;278.26;690;9428092466;S
20240118;100456;278.26;980;9428092467;S
20240118;100456;278.26;2000;9428092468;S
20240118;100456;278.25;100;9428092469;S
20240118;100456;278.25;2000;9428092470;S
20240118;100456;278.25;690;9428092471;S
20240118;100456;278.25;30;9428092472;S
20240118;100456;278.25;2000;9428092473;S
20240118;100456;278.25;2000;9428092474;S
20240118;100456;278.24;10;9428092475;S
20240118;100456;278.24;690;9428092476;S
20240118;100456;278.23;690;9428092477;S
20240118;100456;278.23;360;9428092478;S
20240118;100456;278.22;20;9428092479;S
20240118;100456;278.22;2000;9428092480;S
20240118;100456;278.22;690;9428092481;S
20240118;100456;278.22;1430;9428092482;S
20240118;100456;278.21;50;9428092483;S
20240118;100456;278.21;690;9428092484;S
20240118;100456;278.2;160;9428092485;S
20240118;100456;278.2;570;9428092486;S
20240118;100456;278.2;50;9428092487;S
20240118;100456;278.2;30;9428092488;S
20240118;100456;278.2;30;9428092489;S
20240118;100456;278.2;40;9428092490;S
20240118;100456;278.2;1080;9428092491;S
20240118;100456;278.19;500;9428092492;S
20240118;100456;278.19;10;9428092493;S
20240118;100456;278.19;240;9428092494;S
20240118;100456;278.2;100;9428092495;S
20240118;100457;278.24;10;9428092605;S
20240118;100457;278.24;10;9428092606;S
20240118;100457;278.18;50;9428092607;S
20240118;100457;278.17;500;9428092608;S
20240118;100457;278.17;440;9428092609;S
20240118;100457;278.23;20;9428092612;B
20240118;100457;278.22;10;9428092629;B
20240118;100457;278.17;30;9428092633;S
20240118;100457;278.17;1000;9428092634;S
20240118;100458;278.22;10;9428092810;B
20240118;100458;278.22;10;9428092817;B
20240118;100500;278.18;10;9428093041;B
20240118;100500;278.18;270;9428093048;B
20240118;100501;278.18;70;9428093159;B
20240118;100502;278.17;100;9428093308;S
20240118;100502;278.17;300;9428093309;S
20240118;100502;278.17;100;9428093310;S
20240118;100502;278.17;10;9428093385;S
20240118;100502;278.18;360;9428093393;B
20240118;100503;278.17;890;9428093453;S
20240118;100503;278.17;40;9428093454;S
20240118;100503;278.15;10;9428093455;S
20240118;100503;278.15;1000;9428093456;S
20240118;100503;278.15;500;9428093457;S
20240118;100503;278.14;50;9428093458;S
20240118;100503;278.14;200;9428093459;S
20240118;100503;278.13;10;9428093460;S
20240118;100503;278.13;270;9428093461;S
20240118;100503;278.13;690;9428093462;S
20240118;100503;278.12;1000;9428093463;S
20240118;100503;278.12;20;9428093464;S
20240118;100503;278.12;690;9428093465;S
20240118;100503;278.12;750;9428093466;S
20240118;100503;278.11;400;9428093467;S
20240118;100503;278.11;690;9428093468;S
20240118;100503;278.11;750;9428093469;S
20240118;100503;278.11;400;9428093470;S
20240118;100503;278.1;140;9428093471;S
20240118;100503;278.11;70;9428093472;S
20240118;100503;278.11;10;9428093479;S
20240118;100505;278.15;10;9428093856;B
20240118;100505;278.15;30;9428093883;B
20240118;100505;278.15;30;9428093884;B
20240118;100506;278.15;50;9428093968;B
20240118;100507;278.14;10;9428094108;S
20240118;100507;278.15;20;9428094136;B
20240118;100508;278.15;20;9428094221;B
20240118;100508;278.14;20;9428094309;S
20240118;100509;278.14;10;9428094359;S
20240118;100509;278.14;30;9428094360;S
20240118;100509;278.11;20;9428094361;S
20240118;100509;278.15;90;9428094362;B
20240118;100512;278.12;100;9428094783;S
20240118;100512;278.12;40;9428094889;S
20240118;100514;278.15;10;9428095123;B
20240118;100514;278.15;10;9428095124;B
20240118;100514;278.17;20;9428095125;B
20240118;100514;278.19;250;9428095126;B
20240118;100514;278.19;270;9428095127;B
20240118;100516;278.19;200;9428095315;S
20240118;100516;278.15;30;9428095316;S
20240118;100516;278.23;10;9428095324;B
20240118;100516;278.23;10;9428095348;B
20240118;100516;278.23;10;9428095386;B
20240118;100516;278.23;10;9428095414;B
20240118;100516;278.23;10;9428095427;B
20240118;100516;278.23;10;9428095433;B
20240118;100516;278.23;10;9428095439;B
20240118;100516;278.23;10;9428095444;B
20240118;100517;278.24;10;9428095451;B
20240118;100517;278.24;10;9428095474;B
20240118;100517;278.24;10;9428095489;B
20240118;100517;278.24;20;9428095490;B
20240118;100517;278.24;10;9428095521;B
20240118;100517;278.24;10;9428095543;B
20240118;100517;278.17;20;9428095554;S
20240118;100517;278.24;10;9428095561;B
20240118;100517;278.24;100;9428095563;B
20240118;100518;278.19;10;9428095640;B
20240118;100518;278.19;10;9428095641;B
20240118;100518;278.19;10;9428095642;B
20240118;100518;278.19;10;9428095665;B
20240118;100518;278.19;10;9428095666;B
20240118;100518;278.19;10;9428095672;B
20240118;100518;278.19;10;9428095701;B
20240118;100518;278.19;10;9428095711;B
20240118;100518;278.19;10;9428095720;B
20240118;100518;278.19;20;9428095727;B
20240118;100518;278.19;10;9428095737;B
20240118;100518;278.19;10;9428095752;B
20240118;100519;278.17;10;9428095759;S
20240118;100519;278.19;10;9428095760;B
20240118;100519;278.19;10;9428095765;B
20240118;100519;278.19;10;9428095780;B
20240118;100519;278.19;10;9428095789;B
20240118;100519;278.18;40;9428095798;S
20240118;100519;278.18;400;9428095799;S
20240118;100519;278.16;40;9428095800;S
20240118;100519;278.16;30;9428095801;S
20240118;100519;278.15;360;9428095802;S
20240118;100519;278.15;630;9428095803;S
20240118;100519;278.19;10;9428095811;B
20240118;100519;278.19;10;9428095823;B
20240118;100519;278.19;10;9428095828;B
20240118;100520;278.19;10;9428095850;B
20240118;100520;278.18;10;9428095862;B
20240118;100520;278.18;10;9428095874;B
20240118;100520;278.18;10;9428095891;B
20240118;100520;278.19;10;9428095906;B
20240118;100520;278.19;10;9428095919;B
20240118;100520;278.19;70;9428095927;B
20240118;100520;278.21;310;9428095928;B
20240118;100520;278.21;10;9428095932;B
20240118;100521;278.21;10;9428095948;B
20240118;100521;278.21;100;9428096039;B
20240118;100521;278.21;10;9428096049;B
20240118;100521;278.21;10;9428096050;B
20240118;100521;278.21;10;9428096051;B
20240118;100521;278.21;10;9428096073;B
20240118;100521;278.21;10;9428096081;B
20240118;100522;278.21;10;9428096090;B
20240118;100522;278.21;10;9428096107;B
20240118;100522;278.21;10;9428096117;B
20240118;100522;278.21;10;9428096145;B
20240118;100522;278.16;250;9428096185;S
20240118;100522;278.15;1080;9428096186;S
20240118;100522;278.15;360;9428096187;S
20240118;100522;278.14;250;9428096188;S
20240118;100522;278.14;60;9428096189;S
20240118;100523;278.19;10;9428096367;B
20240118;100524;278.19;40;9428096551;B
20240118;100528;278.21;10;9428097130;B
20240118;100528;278.21;30;9428097264;B
20240118;100530;278.21;400;9428097400;B
20240118;100530;278.22;100;9428097401;B
20240118;100531;278.16;20;9428097692;S
20240118;100532;278.2;210;9428097751;S
20240118;100532;278.17;400;9428097752;S
20240118;100532;278.17;400;9428097753;S
20240118;100532;278.17;340;9428097792;B
20240118;100532;278.2;760;9428097793;B
20240118;100532;278.22;750;9428097794;B
20240118;100532;278.23;750;9428097795;B
20240118;100532;278.24;750;9428097796;B
20240118;100532;278.24;690;9428097797;B
20240118;100532;278.24;400;9428097798;B
20240118;100532;278.25;690;9428097799;B
20240118;100532;278.25;260;9428097800;B
20240118;100532;278.17;400;9428097809;S
20240118;100532;278.16;30;9428097810;S
20240118;100532;278.15;360;9428097811;S
20240118;100532;278.15;360;9428097812;S
20240118;100532;278.15;2000;9428097813;S
20240118;100532;278.15;850;9428097814;S
20240118;100533;278.17;400;9428097930;S
20240118;100533;278.16;320;9428097931;S
20240118;100533;278.16;1080;9428097932;S
20240118;100533;278.16;360;9428097933;S
20240118;100533;278.15;2000;9428097934;S
20240118;100533;278.14;2000;9428097935;S
20240118;100533;278.14;690;9428097936;S
20240118;100533;278.13;690;9428097937;S
20240118;100533;278.13;750;9428097938;S
20240118;100533;278.12;50;9428097939;S
20240118;100533;278.12;50;9428097940;S
20240118;100533;278.12;150;9428097941;S
20240118;100533;278.12;690;9428097942;S
20240118;100533;278.12;750;9428097943;S
20240118;100533;278.11;100;9428097944;S
20240118;100533;278.11;500;9428097945;S
20240118;100533;278.11;100;9428097946;S
20240118;100533;278.11;690;9428097947;S
20240118;100533;278.11;630;9428097948;S
20240118;100533;278.2;80;9428098006;B
20240118;100533;278.19;30;9428098045;B
20240118;100533;278.21;440;9428098046;B
20240118;100533;278.22;400;9428098047;B
20240118;100533;278.23;130;9428098048;B
20240118;100534;278.16;10;9428098053;S
20240118;100534;278.24;10;9428098236;B
20240118;100534;278.24;10;9428098251;B
20240118;100534;278.24;10;9428098258;B
20240118;100535;278.24;10;9428098277;B
20240118;100535;278.24;10;9428098325;B
20240118;100535;278.16;50;9428098326;S
20240118;100535;278.24;10;9428098349;B
20240118;100535;278.24;10;9428098367;B
20240118;100535;278.24;10;9428098386;B
20240118;100535;278.24;10;9428098426;B
20240118;100535;278.24;10;9428098451;B
20240118;100535;278.24;10;9428098462;B
20240118;100539;278.24;580;9428098907;B
20240118;100539;278.24;400;9428098908;B
20240118;100539;278.25;10;9428098909;B
20240118;100539;278.25;10;9428098910;B
20240118;100542;278.25;50;9428099231;B
20240118;100543;278.23;10;9428099334;S
20240118;100543;278.24;20;9428099372;B
20240118;100544;278.24;140;9428099600;B
20240118;100544;278.25;730;9428099601;B
20240118;100544;278.26;260;9428099602;B
20240118;100545;278.26;50;9428099854;B
20240118;100545;278.26;240;9428100015;B
20240118;100545;278.28;10;9428100016;B
20240118;100545;278.28;690;9428100017;B
20240118;100545;278.29;690;9428100018;B
20240118;100545;278.29;500;9428100019;B
20240118;100547;278.3;10;9428100302;B
20240118;100548;278.3;20;9428100393;B
20240118;100548;278.32;10;9428100394;B
20240118;100548;278.32;20;9428100395;B
20240118;100552;278.32;720;9428100747;B
20240118;100552;278.32;690;9428100748;B
20240118;100552;278.32;400;9428100749;B
20240118;100553;278.32;10;9428100914;S
20240118;100553;278.34;30;9428100946;B
20240118;100554;278.33;10;9428101040;S
20240118;100554;278.32;30;9428101041;S
20240118;100555;278.33;50;9428101186;B
20240118;100555;278.33;100;9428101223;B
20240118;100555;278.32;40;9428101230;S
20240118;100556;278.34;10;9428101468;B
20240118;100556;278.34;680;9428101483;B
20240118;100556;278.34;400;9428101484;B
20240118;100556;278.34;1500;9428101485;B
20240118;100556;278.35;20;9428101493;B
20240118;100556;278.34;100;9428101497;S
20240118;100557;278.35;50;9428101617;B
20240118;100557;278.35;640;9428101673;B
20240118;100557;278.35;360;9428101674;B
20240118;100557;278.34;20;9428101684;S
20240118;100558;278.36;20;9428101749;B
20240118;100558;278.36;500;9428101750;B
20240118;100559;278.36;10;9428101879;B
20240118;100559;278.36;30;9428101930;B
20240118;100600;278.34;20;9428101977;S
20240118;100600;278.34;50;9428102006;S
20240118;100600;278.34;70;9428102063;S
20240118;100600;278.36;10;9428102065;B
20240118;100601;278.36;100;9428102105;B
20240118;100601;278.36;20;9428102179;B
20240118;100601;278.37;10;9428102180;B
20240118;100601;278.37;10;9428102181;B
20240118;100601;278.37;10;9428102182;B
20240118;100602;278.36;10;9428102269;B
20240118;100602;278.36;10;9428102284;B
20240118;100604;278.36;10;9428102482;B
20240118;100604;278.36;20;9428102489;B
20240118;100604;278.36;50;9428102574;B
20240118;100605;278.36;440;9428102687;B
20240118;100607;278.36;20;9428102844;B
20240118;100608;278.36;50;9428102930;B
20240118;100608;278.36;80;9428102931;B
20240118;100608;278.36;20;9428102932;B
20240118;100610;278.35;10;9428103108;S
20240118;100610;278.35;30;9428103114;S
20240118;100610;278.35;30;9428103145;S
20240118;100610;278.34;40;9428103146;S
20240118;100610;278.32;10;9428103147;S
20240118;100610;278.35;20;9428103161;B
20240118;100610;278.37;20;9428103168;B
20240118;100612;278.37;20;9428103369;B
20240118;100612;278.37;80;9428103377;B
20240118;100615;278.37;20;9428103651;B
20240118;100616;278.37;10;9428103878;B
20240118;100616;278.37;50;9428103888;B
20240118;100617;278.36;20;9428103968;S
20240118;100618;278.36;330;9428104073;S
20240118;100618;278.36;10;9428104074;S
20240118;100618;278.36;60;9428104075;S
20240118;100618;278.37;20;9428104101;B
20240118;100618;278.37;460;9428104104;B
20240118;100618;278.38;690;9428104105;B
20240118;100618;278.38;850;9428104106;B
20240118;100618;278.38;250;9428104139;B
20240118;100618;278.38;690;9428104140;B
20240118;100618;278.38;60;9428104141;B
20240118;100619;278.36;50;9428104242;S
20240118;100623;278.36;90;9428104599;S
20240118;100624;278.39;10;9428104667;B
20240118;100626;278.39;1400;9428104844;B
20240118;100626;278.39;60;9428104904;B
20240118;100626;278.39;20;9428104929;B
20240118;100627;278.39;130;9428104972;B
20240118;100628;278.39;180;9428105033;B
20240118;100628;278.39;10;9428105034;B
20240118;100628;278.4;610;9428105035;B
20240118;100628;278.41;200;9428105036;B
20240118;100628;278.4;10;9428105081;S
20240118;100628;278.4;40;9428105100;B
20240118;100628;278.41;490;9428105101;B
20240118;100628;278.42;50;9428105102;B
20240118;100628;278.42;350;9428105103;B
20240118;100628;278.42;690;9428105104;B
20240118;100628;278.42;610;9428105105;B
20240118;100628;278.43;1110;9428105106;B
20240118;100628;278.43;690;9428105107;B
20240118;100628;278.43;10;9428105108;B
20240118;100628;278.44;10;9428105109;B
20240118;100628;278.44;750;9428105110;B
20240118;100628;278.44;10;9428105111;B
20240118;100628;278.44;690;9428105112;B
20240118;100628;278.45;750;9428105113;B
20240118;100628;278.45;690;9428105114;B
20240118;100628;278.45;60;9428105115;B
20240118;100629;278.4;50;9428105246;S
20240118;100629;278.39;120;9428105247;S
20240118;100629;278.38;20;9428105248;S
20240118;100629;278.38;1080;9428105249;S
20240118;100629;278.38;360;9428105250;S
20240118;100629;278.38;370;9428105251;S
20240118;100630;278.38;50;9428105303;S
20240118;100630;278.38;340;9428105304;S
20240118;100631;278.44;50;9428105468;B
20240118;100631;278.44;50;9428105469;B
20240118;100631;278.44;110;9428105470;B
20240118;100632;278.45;300;9428105576;B
20240118;100634;278.41;10;9428105789;S
20240118;100634;278.41;30;9428105791;S
20240118;100634;278.4;500;9428105792;S
20240118;100634;278.39;20;9428105793;S
20240118;100634;278.38;1080;9428105794;S
20240118;100634;278.38;170;9428105795;S
20240118;100635;278.42;400;9428105989;B
20240118;100635;278.42;520;9428105990;B
20240118;100635;278.43;50;9428105991;B
20240118;100635;278.44;30;9428105992;B
20240118;100637;278.42;150;9428106260;B
20240118;100638;278.38;20;9428106302;S
20240118;100638;278.37;10;9428106303;S
20240118;100638;278.36;10;9428106304;S
20240118;100639;278.4;10;9428106445;B
20240118;100640;278.4;10;9428106553;B
20240118;100641;278.4;10;9428106631;B
20240118;100641;278.38;10;9428106638;S
20240118;100641;278.36;80;9428106639;S
20240118;100641;278.4;140;9428106650;B
20240118;100642;278.39;20;9428106789;B
20240118;100642;278.39;10;9428106795;B
20240118;100645;278.39;20;9428107020;B
20240118;100645;278.4;50;9428107021;B
20240118;100645;278.4;30;9428107038;B
20240118;100646;278.38;50;9428107105;S
20240118;100646;278.38;10;9428107199;S
20240118;100646;278.4;20;9428107209;B
20240118;100647;278.4;20;9428107270;S
20240118;100649;278.41;10;9428107457;B
20240118;100650;278.42;50;9428107549;B
20240118;100650;278.42;650;9428107550;B
20240118;100650;278.4;10;9428107551;S
20240118;100651;278.44;10;9428107728;B
20240118;100652;278.43;50;9428107990;S
20240118;100654;278.44;10;9428108110;B
20240118;100655;278.44;10;9428108278;B
20240118;100655;278.45;20;9428108279;B
20240118;100655;278.46;10;9428108280;B
20240118;100655;278.47;10;9428108281;B
20240118;100655;278.47;50;9428108282;B
20240118;100655;278.47;50;9428108283;B
20240118;100655;278.43;1080;9428108333;S
20240118;100655;278.43;360;9428108334;S
20240118;100655;278.43;360;9428108335;S
20240118;100655;278.42;800;9428108336;S
20240118;100655;278.42;20;9428108337;S
20240118;100655;278.42;400;9428108338;S
20240118;100655;278.4;450;9428108339;S
20240118;100655;278.4;1710;9428108340;S
20240118;100657;278.45;300;9428108448;B
20240118;100657;278.45;20;9428108489;B
20240118;100658;278.45;100;9428108703;B
20240118;100659;278.42;300;9428108752;S
20240118;100659;278.41;10;9428108777;S
20240118;100659;278.41;30;9428108778;S
20240118;100659;278.4;190;9428108779;S
20240118;100659;278.42;30;9428108785;B
20240118;100659;278.4;4900;9428108842;S
20240118;100659;278.4;40;9428108843;S
20240118;100659;278.38;440;9428108844;S
20240118;100701;278.4;10;9428108992;B
20240118;100703;278.4;30;9428109272;B
20240118;100703;278.4;10;9428109274;B
20240118;100704;278.39;30;9428109345;B
20240118;100704;278.4;10;9428109346;B
20240118;100705;278.4;50;9428109406;B
20240118;100705;278.4;10;9428109407;B
20240118;100705;278.41;520;9428109408;B
20240118;100705;278.43;360;9428109409;B
20240118;100705;278.43;30;9428109410;B
20240118;100705;278.43;90;9428109411;B
20240118;100705;278.4;20;9428109431;S
20240118;100705;278.4;50;9428109434;S
20240118;100709;278.44;10;9428109799;B
20240118;100709;278.44;520;9428109800;B
20240118;100709;278.44;400;9428109801;B
20240118;100709;278.44;20;9428109802;B
20240118;100709;278.45;50;9428109803;B
20240118;100709;278.46;600;9428109804;B
20240118;100709;278.4;20;9428109932;S
20240118;100709;278.39;20;9428109933;S
20240118;100715;278.46;20;9428110478;B
20240118;100717;278.44;10;9428110652;S
20240118;100718;278.45;90;9428110739;S
20240118;100718;278.45;120;9428110794;S
20240118;100718;278.45;880;9428110798;B
20240118;100718;278.46;120;9428110799;B
20240118;100719;278.46;100;9428110862;B
20240118;100720;278.46;1000;9428111067;S
20240118;100720;278.46;400;9428111075;S
20240118;100721;278.45;100;9428111181;B
20240118;100721;278.45;50;9428111227;B
20240118;100723;278.46;10;9428111380;B
20240118;100724;278.47;20;9428111476;B
20240118;100724;278.48;10;9428111477;B
20240118;100724;278.48;50;9428111478;B
20240118;100724;278.49;100;9428111479;B
20240118;100724;278.49;100;9428111480;B
20240118;100724;278.49;30;9428111481;B
20240118;100724;278.49;50;9428111482;B
20240118;100724;278.49;10;9428111483;B
20240118;100724;278.49;20;9428111484;B
20240118;100724;278.5;10;9428111485;B
20240118;100725;278.48;200;9428111637;B
20240118;100726;278.47;1000;9428111761;B
20240118;100726;278.48;480;9428111762;B
20240118;100726;278.48;170;9428111763;B
20240118;100726;278.47;20;9428111778;B
20240118;100727;278.45;10;9428111862;B
20240118;100727;278.46;260;9428111902;B
20240118;100728;278.46;50;9428111969;S
20240118;100728;278.47;20;9428112001;B
20240118;100729;278.44;20;9428112097;B
20240118;100730;278.44;460;9428112116;B
20240118;100730;278.44;400;9428112117;B
20240118;100730;278.45;140;9428112118;B
20240118;100731;278.42;10;9428112315;S
20240118;100732;278.48;10;9428112369;B
20240118;100733;278.48;100;9428112510;B
20240118;100735;278.47;10;9428112669;S
20240118;100735;278.49;1000;9428112695;B
20240118;100737;278.49;110;9428112925;B
20240118;100738;278.49;10;9428113002;B
20240118;100738;278.49;880;9428113003;B
20240118;100738;278.5;50;9428113004;B
20240118;100738;278.5;3070;9428113005;B
20240118;100739;278.5;60;9428113063;B
20240118;100739;278.48;60;9428113090;S
20240118;100740;278.48;20;9428113162;S
20240118;100741;278.5;10;9428113422;B
20240118;100742;278.5;10;9428113432;B
20240118;100742;278.5;2000;9428113477;B
20240118;100743;278.5;200;9428113702;B
20240118;100743;278.48;90;9428113707;S
20240118;100743;278.48;180;9428113708;S
20240118;100744;278.47;10;9428113747;S
20240118;100747;278.5;500;9428113999;B
20240118;100747;278.5;10;9428114030;B
20240118;100748;278.5;450;9428114161;B
20240118;100748;278.5;6690;9428114195;B
20240118;100748;278.5;30;9428114196;B
20240118;100748;278.5;3280;9428114197;B
20240118;100749;278.5;10;9428114232;B
20240118;100749;278.5;10;9428114270;B
20240118;100749;278.48;10;9428114340;S
20240118;100750;278.5;350;9428114462;B
20240118;100750;278.5;1000;9428114463;B
20240118;100750;278.5;370;9428114464;B
20240118;100750;278.5;60;9428114465;B
20240118;100750;278.5;20;9428114466;B
20240118;100750;278.5;10;9428114467;B
20240118;100750;278.5;100;9428114468;B
20240118;100751;278.5;10;9428114481;S
20240118;100751;278.51;150;9428114554;B
20240118;100752;278.5;50;9428114652;S
20240118;100752;278.51;10;9428114654;B
20240118;100752;278.51;40;9428114667;B
20240118;100752;278.51;10;9428114668;B
20240118;100752;278.5;20;9428114691;S
20240118;100753;278.51;10;9428114722;B
20240118;100753;278.5;210;9428114761;S
20240118;100753;278.51;20;9428114773;S
20240118;100753;278.52;20;9428114815;B
20240118;100753;278.54;10;9428114816;B
20240118;100753;278.52;400;9428114835;S
20240118;100753;278.51;140;9428114836;S
20240118;100753;278.51;60;9428114837;S
20240118;100756;278.54;200;9428115190;B
20240118;100757;278.54;50;9428115259;B
20240118;100758;278.54;40;9428115317;B
20240118;100758;278.54;20;9428115318;B
20240118;100758;278.55;30;9428115319;B
20240118;100758;278.56;200;9428115320;B
20240118;100758;278.56;550;9428115321;B
20240118;100758;278.56;20;9428115322;B
20240118;100758;278.57;10;9428115323;B
20240118;100758;278.57;750;9428115324;B
20240118;100758;278.58;750;9428115325;B
20240118;100758;278.58;130;9428115326;B
20240118;100759;278.57;160;9428115484;S
20240118;100759;278.58;50;9428115492;B
20240118;100759;278.59;250;9428115493;B
20240118;100759;278.58;160;9428115517;S
20240118;100800;278.57;160;9428115540;S
20240118;100800;278.56;90;9428115541;S
20240118;100800;278.56;70;9428115548;S
20240118;100800;278.55;30;9428115549;S
20240118;100800;278.59;10;9428115562;B
20240118;100800;278.58;1000;9428115599;S
20240118;100800;278.58;400;9428115600;S
20240118;100800;278.58;1000;9428115606;S
20240118;100800;278.58;1000;9428115607;S
20240118;100800;278.58;1000;9428115608;S
20240118;100801;278.59;10;9428115632;B
20240118;100801;278.59;20;9428115640;B
20240118;100801;278.59;30;9428115645;B
20240118;100801;278.59;20;9428115646;B
20240118;100801;278.57;40;9428115673;S
20240118;100802;278.57;10;9428115817;B
20240118;100802;278.59;240;9428115818;B
20240118;100803;278.58;10;9428115903;B
20240118;100803;278.58;10;9428115935;B
20240118;100804;278.57;90;9428115947;S
20240118;100805;278.58;10;9428116059;B
20240118;100806;278.59;10;9428116263;B
20240118;100807;278.59;10;9428116417;B
20240118;100807;278.59;10;9428116418;B
20240118;100807;278.59;10;9428116419;B
20240118;100809;278.59;10;9428116670;B
20240118;100809;278.59;490;9428116671;B
20240118;100809;278.59;10;9428116709;B
20240118;100810;278.57;10;9428116774;S
20240118;100810;278.59;10;9428116831;B
20240118;100811;278.58;2000;9428116835;S
20240118;100811;278.57;200;9428116868;S
20240118;100811;278.55;30;9428116869;S
20240118;100812;278.58;10;9428116973;B
20240118;100812;278.58;10;9428117034;B
20240118;100813;278.55;10;9428117048;S
20240118;100814;278.57;50;9428117169;B
20240118;100814;278.58;110;9428117170;B
20240118;100814;278.58;1080;9428117171;B
20240118;100814;278.58;330;9428117172;B
20240118;100814;278.59;30;9428117173;B
20240118;100814;278.59;50;9428117174;B
20240118;100814;278.59;250;9428117175;B
20240118;100814;278.55;100;9428117181;S
20240118;100814;278.55;500;9428117213;S
20240118;100814;278.57;200;9428117234;B
20240118;100814;278.57;50;9428117244;B
20240118;100815;278.57;10;9428117282;S
20240118;100816;278.55;240;9428117456;S
20240118;100817;278.58;90;9428117579;B
20240118;100817;278.58;90;9428117647;B
20240118;100820;278.58;10;9428118309;B
20240118;100821;278.58;20;9428118338;B
20240118;100821;278.56;240;9428118422;S
20240118;100821;278.58;10;9428118423;B
20240118;100821;278.58;100;9428118424;B
20240118;100822;278.58;10;9428118472;B
20240118;100822;278.58;10;9428118485;B
20240118;100822;278.56;100;9428118534;S
20240118;100823;278.58;10;9428118613;B
20240118;100823;278.56;30;9428118658;S
20240118;100823;278.55;70;9428118659;S
20240118;100825;278.58;10;9428118764;B
20240118;100825;278.58;50;9428118806;B
20240118;100826;278.57;10;9428118870;B
20240118;100826;278.57;20;9428118935;B
20240118;100826;278.55;300;9428118938;S
20240118;100827;278.55;10000;9428118969;S
20240118;100827;278.55;4130;9428118970;S
20240118;100827;278.56;20;9428118990;B
20240118;100828;278.56;50;9428119034;B
20240118;100829;278.56;10;9428119193;B
20240118;100829;278.55;40;9428119194;S
20240118;100829;278.55;20;9428119239;S
20240118;100830;278.55;300;9428119282;S
20240118;100830;278.56;590;9428119350;B
20240118;100831;278.56;100;9428119448;B
20240118;100832;278.56;20;9428119533;B
20240118;100836;278.56;10;9428119953;B
20240118;100837;278.55;1000;9428120048;S
20240118;100837;278.56;10;9428120150;B
20240118;100838;278.55;20;9428120231;S
20240118;100838;278.55;3000;9428120235;S
20240118;100838;278.55;50;9428120240;S
20240118;100839;278.56;50;9428120294;B
20240118;100840;278.55;190;9428120400;S
20240118;100840;278.55;10;9428120401;S
20240118;100840;278.55;70;9428120402;S
20240118;100840;278.54;50;9428120403;S
20240118;100840;278.54;10;9428120404;S
20240118;100840;278.54;10;9428120405;S
20240118;100840;278.51;660;9428120406;S
20240118;100840;278.53;10;9428120419;B
20240118;100841;278.53;10;9428120629;B
20240118;100843;278.53;10;9428120727;B
20240118;100844;278.53;10;9428120797;B
20240118;100844;278.53;100;9428120826;B
20240118;100845;278.53;10;9428120981;B
20240118;100846;278.52;10;9428121026;B
20240118;100847;278.54;60;9428121097;B
20240118;100847;278.54;110;9428121150;B
20240118;100849;278.54;910;9428121322;B
20240118;100849;278.54;90;9428121323;B
20240118;100850;278.54;100;9428121483;B
20240118;100850;278.54;50;9428121493;B
20240118;100851;278.54;210;9428121559;B
20240118;100851;278.54;790;9428121560;B
20240118;100852;278.54;10;9428121625;B
20240118;100853;278.54;10;9428121678;B
20240118;100853;278.54;10;9428121717;B
20240118;100853;278.54;330;9428121722;B
20240118;100853;278.54;670;9428121723;B
20240118;100855;278.54;1000;9428121964;B
20240118;100856;278.54;10;9428122023;B
20240118;100857;278.54;750;9428122205;B
20240118;100857;278.51;10;9428122212;S
20240118;100857;278.54;800;9428122219;B
20240118;100857;278.55;200;9428122220;B
20240118;100857;278.55;490;9428122228;B
20240118;100858;278.52;20;9428122351;S
20240118;100859;278.55;300;9428122417;B
20240118;100901;278.54;10;9428122575;B
20240118;100901;278.53;10;9428122587;S
20240118;100901;278.54;90;9428122625;B
20240118;100901;278.55;90;9428122626;B
20240118;100906;278.53;360;9428123182;S
20240118;100906;278.54;10;9428123200;B
20240118;100906;278.54;10;9428123232;B
20240118;100907;278.53;50;9428123287;S
20240118;100907;278.54;10;9428123289;B
20240118;100908;278.54;40;9428123349;B
20240118;100908;278.54;60;9428123424;B
20240118;100908;278.53;180;9428123468;S
20240118;100908;278.53;220;9428123469;S
20240118;100908;278.51;20;9428123470;S
20240118;100908;278.51;90;9428123471;S
20240118;100908;278.51;4520;9428123476;B
20240118;100908;278.51;4360;9428123477;B
20240118;100909;278.51;150;9428123496;B
20240118;100909;278.51;90;9428123514;B
20240118;100909;278.51;240;9428123559;B
20240118;100911;278.51;1130;9428123697;B
20240118;100911;278.51;160;9428123698;B
20240118;100911;278.51;160;9428123699;B
20240118;100911;278.51;160;9428123700;B
20240118;100911;278.54;50;9428123701;B
20240118;100911;278.55;3920;9428123702;B
20240118;100911;278.55;6000;9428123703;B
20240118;100911;278.55;20;9428123705;S
20240118;100912;278.56;10;9428123744;B
20240118;100913;278.56;10;9428123914;B
20240118;100914;278.56;10;9428124128;B
20240118;100915;278.55;50;9428124202;S
20240118;100915;278.56;30;9428124237;B
20240118;100915;278.56;50;9428124238;B
20240118;100918;278.57;10;9428124446;B
20240118;100919;278.57;10;9428124514;B
20240118;100919;278.57;100;9428124590;B
20240118;100920;278.57;20;9428124598;B
20240118;100921;278.56;40;9428124673;S
20240118;100922;278.57;10;9428124728;B
20240118;100923;278.56;70;9428124868;S
20240118;100924;278.57;30;9428124948;B
20240118;100925;278.57;30;9428125102;B
20240118;100926;278.57;150;9428125122;B
20240118;100926;278.56;10;9428125128;S
20240118;100927;278.57;50;9428125195;B
20240118;100927;278.57;90;9428125241;B
20240118;100927;278.57;270;9428125242;B
20240118;100927;278.56;50;9428125245;S
20240118;100929;278.57;10;9428125359;B
20240118;100929;278.56;190;9428125441;S
20240118;100929;278.56;50;9428125442;S
20240118;100929;278.56;10;9428125443;S
20240118;100929;278.56;30;9428125444;S
20240118;100929;278.56;10;9428125445;S
20240118;100929;278.56;360;9428125446;S
20240118;100929;278.56;350;9428125447;S
20240118;100930;278.57;10;9428125467;B
20240118;100931;278.57;10;9428125544;B
20240118;100931;278.56;730;9428125548;S
20240118;100931;278.56;610;9428125549;S
20240118;100931;278.56;400;9428125550;S
20240118;100931;278.56;70;9428125551;S
20240118;100932;278.57;200;9428125650;B
20240118;100932;278.57;10;9428125651;B
20240118;100932;278.57;40;9428125652;B
20240118;100932;278.57;10;9428125675;B
20240118;100932;278.56;200;9428125676;S
20240118;100933;278.57;10;9428125704;B
20240118;100933;278.56;20;9428125722;S
20240118;100934;278.57;440;9428125744;B
20240118;100934;278.58;10;9428125745;B
20240118;100934;278.58;550;9428125746;B
20240118;100934;278.57;50;9428125760;S
20240118;100934;278.57;90;9428125761;S
20240118;100934;278.58;3150;9428125768;B
20240118;100934;278.59;250;9428125769;B
20240118;100934;278.59;400;9428125770;B
20240118;100934;278.6;200;9428125771;B
20240118;100934;278.6;10;9428125772;B
20240118;100934;278.6;10;9428125789;B
20240118;100936;278.59;10;9428125906;B
20240118;100937;278.59;30;9428125991;B
20240118;100937;278.6;70;9428125992;B
20240118;100937;278.58;250;9428126009;S
20240118;100937;278.57;90;9428126033;S
20240118;100942;278.59;10;9428126521;B
20240118;100944;278.58;130;9428126688;B
20240118;100944;278.57;10;9428126727;B
20240118;100944;278.56;10;9428126732;S
20240118;100944;278.56;30;9428126733;S
20240118;100944;278.55;3460;9428126734;S
20240118;100946;278.56;10;9428126994;B
